2800 4650
531 300 584 349 ιο.
607 300 709 369 xvt,
737 282 792 349 24.
814 282 867 348 25.
903 263 906 270 ’
1129 264 1212 355 ’585

171 459 288 529 minus
301 452 478 543 discipulos
497 454 661 523 versiculo
675 466 796 545 φωιιο
815 464 850 522 et
866 452 1037 527 vicesimoJ
1074 452 1212 525 Horte-

172 586 238 629 nses
259 562 297 627 in
320 582 394 627 neec
414 559 548 627 nomine
571 580 639 625 non
657 559 803 647 petiistis
820 560 1018 649 quicqum,-
1052 563 1156 650 petite
1176 570 1212 628 et

172 661 346 753 accipietis
352 683 365 740 3
387 685 428 727 oe
444 658 618 750 fruemini
628 660 757 752 gaudio
770 659 1070 729 abeoshutissinw.
1114 659 1213 729 Scili-

171 762 225 833 ce't
244 785 375 851 preces,
397 760 440 829 de
460 763 581 851 quibus
595 784 706 829 sermo
720 774 772 830 est
784 763 849 832 hoc
870 764 963 846 loco,
998 760 1213 860 pertinebant
1291 851 1295 860 .

171 869 216 937 ad
231 888 364 933 censam
380 865 523 945 Cluisti,
541 862 630 930 etad
651 886 708 947 es,
729 864 851 954 quibua
863 887 948 953 opus
971 878 1045 933 erat
1063 862 1214 955 discipu-2
1304 883 1309 893 ·

170 970 213 1037 lis
227 969 265 1037 ιιι
278 966 542 1037 administrando
558 966 742 1055 apostolico
756 988 909 1036 monne·
947 966 1115 1035 Hactenus
1128 991 1212 1038 vero

173 1092 309 1139 canem
326 1066 451 1139 Christi
461 1066 613 1135 nondum
626 1067 664 1136 iu
678 1091 715 1133 se
726 1079 955 1155 susceperant,
976 1068 1085 1134 msslto
1099 1068 1215 1135 minus
1245 1134 1249 1143 ,

172 1173 354 1263 apostolico
366 1192 508 1237 munere
519 1168 628 1237 functi
641 1182 739 1240 erent
745 1194 758 1253 3
778 1192 885 1257 quare
897 1169 1042 1262 sibinen
1055 1182 1214 1260 poterent

173 1285 329 1365 expetore
351 1272 477 1361 aliquid
498 1272 536 1341 ιιι
554 1272 617 1341 hac
640 1292 752 1340 causa·
805 1272 911 1342 Porro
930 1272 1096 1339 Dominus
1116 1274 1216 1343 antea

173 1401 245 1449 non
256 1386 471 1467 praeceperat
486 1372 671 1465 discipulis,
693 1386 734 1441 vt
746 1373 783 1441 in
796 1374 951 1465 precibus
964 1374 1031 1443 suis
1044 1374 1088 1441 ad
1100 1377 1215 1467 ipanus

171 1491 416 1572 prouocarent3
427 1476 527 1565 ,quod
542 1476 679 1543 demum
697 1474 776 1544 lecit
790 1476 826 1568 ιιι
839 1473 1050 1562 'sermonibus
1068 1477 1123 1545 his
1134 1474 1218 1557 vltiss

173 1583 256 1665 mis,
283 1581 456 1671 inquibus
471 1602 529 1645 eos
543 1578 704 1647 instrssxit
716 1578 760 1644 de
772 1602 916 1646 munere
929 1580 1095 1666 gerendo3
1123 1575 1218 1649 vnde

174 1698 210 1755 et
224 1697 365 1775 propter
379 1682 467 1749 hene
481 1683 763 1769 causampreeari
776 1682 838 1749 tali
854 1682 956 1748 modo
971 1682 1132 1750 hactenus
1148 1707 1221 1765 non
1298 1674 1303 1687 ’

171 1798 343 1879 poterunt.
385 1786 455 1851 lem
478 1806 559 1849 vero
584 1794 738 1871 suscepta
757 1804 857 1848 causo
877 1783 1019 1865 Christi,
1046 1799 1220 1877 suscepto·-
1346 1780 1350 1789 ’

175 1910 243 1975 que
252 1908 395 1953 munere
409 1882 599 1973 apostolico,
619 1884 698 1975 ipsis
711 1880 988 1975 suppeditabatur
1000 1890 1126 1955 occasio
1141 1912 1219 1955 cre-
1241 1912 1247 1941 ι

175 1990 341 2071 berrima,
362 1984 421 2055 teli
435 1982 538 2051 modo
560 1984 733 2075 precandi.
778 1984 896 2074 Quare
915 1986 1082 2055 Dominus
1101 1991 1141 2057 iis
1159 1992 1218 2059 in-

176 2088 320 2159 culcauit
341 2088 454 2158 denuo
477 2098 513 2153 et
527 2087 760 2155 necessitatem
787 2098 821 2153 et
848 2087 1026 2159 vtilitatem
1044 2092 1221 2179 precandi,

177 2194 261 2261 dum
282 2190 513 2281 promitteret,
548 2212 671 2307 preces·
692 2214 812 2260 eorum
837 2190 1009 2300 habitores
1033 2208 1102 2255 esse
1129 2191 1218 2259 hanc

173 2298 267 2379 vim,
294 2308 333 2362 vt
346 2295 561 2386 impetraturi
582 2292 698 2365 sintin
712 2292 860 2386 gerendo
871 2273 1014 2378 mbnere
1029 2289 1219 2385 euangelico

172 2401 264 2468 boos
283 2419 322 2464 ac
340 2397 509 2492 beneficia
530 2408 581 2462 tot
601 2419 640 2462 ec
660 2408 771 2484 muta,
798 2397 840 2464 de
861 2396 980 2484 quibus
998 2395 1118 2463 laetari
1137 2398 1218 2466 satis

169 2523 353 2588 nunquam
373 2483 512 2590 possint.
556 2501 647 2566 Haec
667 2497 760 2566 enim
777 2511 827 2566 est
845 2497 868 2579 η’
886 2495 966 2586 χαριῖ
989 2505 1219 2591 πιπιῃρωμιιη,

177 2627 300 2702 nempe
325 2601 447 2670 laetitia
467 2601 622 2668 omnibus
649 2601 801 2668 numeris
827 2599 995 2683 absolute,
1038 2599 1220 2670 abundes-'-

179 2705 318 2772 tissima·

262 2809 302 2874 In
315 2819 475 2895 sequente
489 2807 657 2880 versiculo
671 2805 839 2892 Dondnus
853 2829 889 2872 se
909 2827 1069 2872 excusare
1084 2807 1220 2893 videtur
1335 2880 1338 2884 A
1360 2786 1363 2791 ¹

178 2921 320 3001 propter
336 2933 506 2980 sermones
522 2933 610 2991 suos,
631 2907 798 2998 discipulis
806 2907 912 2996 ‚paulo
925 2905 1141 2975 obscuriores.
1162 2907 1223 2979 De

180 3013 234 3080 liis
257 3013 425 3089 omnibus,
462 3009 589 3098 inquit,
624 3011 791 3078 vobiscum
810 3009 1013 3097 loqueodssm
1036 3009 1125 3076 milri
1142 3009 1223 3102 fnit

175 3114 375 3206 posdlulum
387 3113 556 3182 obscurius
561 3133 574 3192 3
605 3112 711 3180 instet
724 3135 802 3180 cero
819 3121 968 3200 tempore,
997 3132 1062 3198 quo
1081 3135 1149 3180 non
1171 3115 1223 3182 ito
1290 3113 1295 3134 '

182 3219 319 3286 obscure
333 3217 452 3303 loquor
467 3215 655 3288 reducum,
685 3214 748 3280 sed
766 3212 977 3303 apertissime
1000 3237 1057 3279 vos
1080 3215 1221 3284 edocebo

182 3321 226 3388 de
237 3319 343 3390 Patre
361 3341 443 3384 meo.
487 3317 537 3386 Ac
548 3337 626 3382 saue
640 3315 808 3383 Dominus
821 3317 858 3382 in
873 3313 925 3382 his
941 3315 1151 3385 sermonibus
1166 3319 1223 3403 lo·

182 3437 279 3492 cutus
293 3433 367 3486 erat
380 3441 460 3485 cum
475 3414 642 3508 discipulis
656 3417 839 3508 veluti-per
851 3417 1048 3504 aenigmate,
1070 3419 1222 3490 nondum

70 3569 73 3578 ·
185 3521 380 3616 adplenum
394 3517 672 3608 intelligentibus,
700 3519 782 3608 quid
806 3521 869 3603 sibi
889 3519 1008 3604 vellet,
1037 3541 1115 3588 cum
1130 3521 1224 3593 dice-
1270 3564 1274 3572 -

186 3639 258 3694 ret:
278 3625 362 3692 abeo
378 3621 421 3690 ad
432 3624 581 3708 Patrem,
601 3621 719 3690 redibo
733 3623 776 3692 ad
792 3647 863 3706 vos,
884 3621 981 3688 breui
994 3631 1071 3712 post
1085 3645 1141 3688 me
1154 3645 1225 3690 non

186 3728 354 3810 videbitis,
375 3725 432 3792 sed
448 3725 543 3793 breui
554 3735 630 3814 post
643 3747 699 3790 sne
714 3747 831 3794 rursus
843 3723 1029 3806 videbitis3
1047 3744 1104 3792 vos
1122 3726 1223 3817 luge·

188 3829 275 3913 bitis,
296 3831 352 3898 sed
370 3825 502 3896 tristitia
514 3839 625 3894 vestra
639 3840 792 3896 vertetur
806 3825 843 3894 ιιι
855 3826 1014 3894 laetitiam
1026 3846 1225 3925 perennem
1304 3868 1308 3877 ·

152 3923 157 3944 ¹
189 3930 279 3996 llaec
292 3929 375 3998 dixit
388 3925 571 3996 Dominus.
579 3933 740 4018 ‘tetris'
722 3960 756 3998 se
753 3899 970 4036 παροιμίαις,
996 3927 1063 3996 hoc
1086 3944 1153 4014 est,
1174 3931 1226 3997 vti

172 4030 338 4141 'oratioue
361 4032 539 4124 eiusmodi,
563 4054 696 4140 quse
691 4011 792 4120 hebet
815 4027 942 4127 aliquid
963 3980 1170 4104 obscuritatis
1191 4042 1228 4098 ct
