2800 4650
197 215 261 287 214
341 253 346 268 -
623 229 681 280 ro.
703 229 740 295 r,
767 211 820 287 252

200 398 320 466 quw,
342 377 431 464 quod
446 380 518 448 Deo
535 379 709 470 displicere
728 381 855 471 possit,
876 378 995 458 facicm
1016 382 1243 468 antomidus,

201 479 297 573 quod
310 479 374 570 ipsi
397 493 532 570 gratum
553 485 611 564 sit,
631 507 735 574 porro
754 507 849 574 spem
872 507 1010 552 omnem
1030 495 1065 549 ct
1082 484 1244 554 fiduciam

200 579 238 654 in
257 605 297 650 eo
315 605 442 672 ponere
465 598 497 650 et
516 588 646 676 optima
666 607 818 674 quaeque
838 587 881 656 ab
902 609 943 652 ec
967 597 1174 676 exspectare,
1203 611 1246 656 ao

202 695 309 768 totam
323 687 427 757 vitam
440 688 483 756 ad
497 708 653 759 normam
670 699 930 776 praeceptorum
945 687 1018 756 eius
1032 713 1245 780 componere,
1369 766 1373 775 ¹

203 785 270 874 hoc
284 802 347 856 est:
370 791 478 858 colere
493 792 628 869 Deum„
655 788 792 876 Aliquid
806 791 951 882 amplius
963 802 1028 858 cott
1051 795 1156 862 colere
1169 794 1246 864 Pc-
1290 784 1294 790 ⁵

204 899 299 964 trem·
357 891 490 962 Scilicet
508 895 597 960 Deus
625 915 660 958 se
686 893 853 960 reuelauit
872 893 1034 984 peculiari
1060 895 1162 962 modo
1181 917 1247 988 per

206 993 398 1080 Christum,
421 1006 579 1082 tanquam
595 996 732 1070 Patrem
747 994 886 1062 Domini
910 998 1032 1079 nostri,
1053 997 1129 1062 Iesu
1142 990 1248 1062 Chri-

205 1096 264 1178 δυ’,
286 1109 319 1163 et
338 1121 417 1166 vero
434 1097 534 1162 etiam
557 1109 718 1186 tauquam
730 1110 864 1187 petrem
886 1095 1072 1164 liberorum
1092 1119 1248 1180 auorum,

121 1185 129 1196 ι
205 1208 240 1274 tt
261 1200 398 1288 quidem
422 1201 540 1284 telem,
562 1203 621 1289 qui
642 1202 816 1270 adsmsuit
834 1199 1022 1266 humanum
1044 1219 1148 1284 genus
1167 1198 1249 1276 ante

206 1299 374 1368 mundum
390 1301 581 1386 conditum,
604 1303 668 1387 sic,
688 1315 726 1369 vt
738 1303 824 1370 adeo
837 1302 961 1368 Filium
973 1325 1072 1370 suum
1087 1300 1171 1367 dare
1183 1302 1249 1368 de·

206 1414 359 1468 comeret
375 1423 413 1470 ac
427 1405 635 1488 vere'deret,
656 1417 711 1488 vt,
732 1406 924 1494 quicunque
939 1404 1156 1486 crediderint,
1176 1427 1249 1472 non

205 1501 372 1592 perirent,
394 1509 452 1580 sed
472 1519 755 1596 consequerentur
773 1509 878 1574 vitam
895 1519 1081 1574 aeternam.
1122 1506 1247 1593 Igitur:

206 1603 313 1676 colare
324 1621 480 1696 patrem,
500 1625 567 1678 est:
597 1611 646 1678 ita
662 1612 807 1696 cogitare
820 1611 863 1676 de
875 1612 968 1692 Deo,
997 1610 1044 1676 ita
1067 1611 1190 1676 sentire
1213 1623 1250 1676 at

124 1705 127 1714 '
206 1728 306 1796 agere
319 1713 479 1792 aduersus
492 1715 614 1804 ipsum,
635 1727 675 1782 vt
689 1715 782 1782 eiust
795 1725 1067 1793 consentancum,
1087 1724 1251 1803 tanquam

207 1811 299 1880 Patri
318 1817 392 1882 Iesu
407 1817 535 1887 Christi
549 1829 582 1884 et
597 1819 685 1906 patri
700 1827 814 1882 nostro
836 1837 899 1904 par
921 1813 1112 1896 Christum,
1143 1815 1250 1882 adeo-

208 1939 276 2004 que
288 1939 466 2004 agnoscere
480 1945 632 1990 amorem
646 1921 716 1986 cius
730 1943 793 2010 per
807 1916 979 1985 Christum
995 1927 1029 1982 et
1042 1918 1179 1984 consilia
1192 1941 1249 1984 sa-

173 2013 175 2018 ’
206 2018 416 2110 pientissima
430 2025 473 2090 da
485 2028 591 2096 saluta
604 2025 745 2094 humani
758 2021 889 2112 generis
900 2042 963 2110 per
976 2019 1150 2096 Cluistum
1165 2044 1250 2088 con-

207 2120 367 2210 serenda,
406 2126 458 2192 his
471 2127 626 2214 ,consiliis
653 2149 688 2194 sc
710 2123 982 2206 accommodare,
1016 2125 1252 2212 voluntatique

210 2225 281 2302 cius
303 2249 338 2294 se
360 2227 537 2310 subiicere,
553 2231 709 2306 «salutem
728 2252 866 2298 omnem
888 2237 1045 2316 expetere
1065 2238 1167 2313 atque
1186 2249 1249 2292 ex-

209 2317 364 2426 spectare
381 2331 477 2396 abeo
499 2354 563 2420 per
586 2332 777 2411 Christum,
799 2344 877 2397 cum
891 2331 1087 2413 redamare,
1108 2331 1250 2415 reliqua.
1296 2415 1300 2432 Ι

208 2428 293 2505 Vult
308 2454 392 2501 vcro
412 2432 477 2497 coli
485 2448 557 2520 per
569 2432 740 2501 Christum
745 2456 757 2512 3
781 2456 810 2497 1.
823 2433 918 2503 Petr.
932 2430 1000 2513 IV,
1028 2454 1075 2497 ιι.
1097 2432 1187 2518 quod
1199 2432 1250 2514 fit,

195 2531 336 2621 ¹purtim
350 2532 378 2599 si
393 2555 472 2601 eum
486 2537 628 2605 colimus
643 2535 700 2619 ita,
716 2546 754 2601 vt
768 2558 848 2601 eum
862 2535 958 2601 nobis
971 2532 1251 2605 reuchuitChri-

136 2632 140 2641 ’
209 2648 293 2717 stus,
313 2649 417 2723 vtque
428 2636 512 2704 adeo
525 2650 788 2707 consentancum
803 2648 854 2703 est
866 2638 1038 2704 doctrinae
1053 2636 1251 2707 christianae

210 2740 253 2808 de
265 2740 357 2825 Deo,
377 2752 476 2829 patre
487 2742 560 2807 Iesu
577 2739 703 2813 Christi
717 2752 751 2807 et
762 2748 893 2825 nostro,
912 2741 1040 2830 partim
1054 2765 1135 2811 vcro
1147 2744 1251 2811 etiam

211 2843 240 2909 si
253 2843 318 2911 hoc
329 2840 471 2921 facimus
483 2866 545 2932 per
558 2842 662 2910 fidam
680 2844 717 2909 in
732 2842 917 2925 Christum,
939 2844 997 2931 qui
1011 2843 1143 2919 edium
1153 2846 1251 2916 nobis

209 2944 367 3035 patefecit
379 2946 422 3012 ad
432 2959 577 3035 petrem,
599 2968 746 3034 eumque
758 2947 938 3023 adoramus
950 2958 1108 3035 tanquam
1120 2961 1250 3040 patrem

209 3048 352 3125 Domini
362 3050 470 3117 nostri
492 3063 527 3116 et
546 3063 676 3139 patrem
693 3062 848 3117 nostrum
868 3072 929 3138 por
943 3050 1132 3130 Christum,
1153 3074 1252 3125 tma-

210 3176 306 3234 mus,
328 3156 489 3240 quoniam
506 3178 570 3231 nos
591 3154 719 3233 amauit
737 3176 799 3239 par
820 3152 1010 3235 Christum,
1036 3155 1076 3232 in⁴
1096 3176 1137 3219 co
1158 3152 1251 3218 fidu·

211 3254 300 3325 ciam
312 3256 485 3345 ponimus,
507 3258 668 3342 quoniam
685 3254 781 3323 nobis
802 3256 895 3321 dedit
912 3256 1035 3332 Filium
1055 3268 1155 3328 ¹turim
1176 3276 1252 3321 ser-

210 3372 366 3427 vatorem
380 3369 416 3429 ct
430 3358 658 3449 expiatorem,
680 3380 759 3426 eum
772 3357 966 3433 laudamus,
986 3358 1106 3445 gratim
1121 3358 1154 3423 ei
1176 3356 1253 3443 agi-

210 3482 290 3527 mus
311 3484 377 3549 pro
396 3460 578 3544 boneficiis,
616 3486 680 3552 per
702 3463 875 3539 Christum
889 3461 984 3537 nobis
1005 3458 1177 3541 exhibitis,
1215 3471 1251 3525 ct

211 3584 301 3650 quae
313 3575 394 3638 eunt
407 3564 477 3639 cius
491 3566 623 3651 generis
638 3567 715 3641 alja.
1169 3558 1173 3565 ’

298 3668 384 3741 Hinc
394 3666 533 3757 intelligi
548 3680 676 3759 potest,
698 3668 778 3758 quid
796 3668 854 3737 oitz
884 3663 989 3743 colera
1003 3663 1143 3741 dilium.
1186 3656 1253 3733 Et-

110 3767 111 3776 ’
152 3799 165 3808 ·
212 3769 349 3840 enimsi
371 3772 512 3845 colimus
531 3774 661 3854 Deum,
684 3772 821 3859 quando
841 3769 887 3845 ita
901 3768 1086 3855 cogitamus
1108 3768 1151 3835 de
1166 3772 1252 3852 Deo,

155 3946 158 3961 Ι
211 3872 260 3959 ita
273 3871 434 3947 sentimus
448 3888 480 3945 et.
495 3861 623 3963 akimus
639 3897 719 3965 erga
729 3876 858 3955 Deum,
878 3884 919 3940 vt
929 3885 1070 3945 naturae
1085 3872 1189 3963 ipsius
1203 3882 1255 3947 eat

212 3990 492 4059 comminutum,
519 3991 622 4067 utque
644 4001 681 4044 ee
703 3976 801 4053 uobis
821 3974 1065 4061 manifestauit,
1098 3974 1253 4060 efficitur,
