2800 4650
79 358 82 366 ’
155 350 265 441 1ιιι
379 395 381 406 1
622 343 821 428 immi.
882 422 890 438 Ι

84 507 87 516 ’
119 497 124 502 ’
205 531 263 601 est,
284 521 421 608 talisque
434 517 551 588 haberi
566 520 650 588 volt.
680 518 740 608 ,Ac
756 515 863 584 telem·
873 521 1060 602 agnoscere,
1085 523 1248 581 nontam·

147 622 151 630 ’
205 635 280 692 tum
303 625 491 718 doctorem,
522 623 578 689 sed
601 624 703 690 etiam
724 621 956 717 expiatorem,
975 637 1106 703 regem,
1135 617 1249 683 domi-

204 749 289 793 num
311 726 481 808 omnium,
517 724 748 791 suscitatorem
769 721 945 808 aliquando
966 743 985 784 e
1006 731 1116 814 morte
1138 732 1172 785 et
1189 719 1248 784 iu-

206 829 317 896 dicem
339 829 426 894 orbis
447 839 635 908 terrarum,
671 824 836 892 felicitatis
863 823 1032 890 humanae
1054 824 1164 890 omnis
1185 847 1249 888 au-

115 947 125 958 ·
207 943 400 1012 ctoromet
426 929 579 994 (latorem
601 927 760 1012 unicum,
798 929 901 994 talem
929 927 1031 1013 igitur
1055 947 1250 1014 agnoscere,

206 1034 254 1100 ita
276 1037 318 1100 de
340 1057 380 1099 eo
403 1032 564 1116 cogitare,
592 1031 639 1094 ita
659 1031 785 1096 sentire
806 1041 840 1094 et
860 1051 960 1116 agere
978 1030 1138 1094 aduersus
1159 1049 1257 1110 eum,

209 1149 248 1203 vt
269 1147 401 1225 oportet
420 1153 587 1220 quercuque
608 1131 649 1197 de
670 1132 730 1198 tali
752 1133 895 1220 cogitare
917 1145 952 1198 et
966 1133 1126 1198 aduersus
1148 1132 1264 1204 telem,

115 1226 118 1232 ¹
207 1239 329 1303 sentire
351 1247 451 1322 atque
471 1255 586 1319 agere,
620 1234 684 1300 hoc
707 1235 844 1302 demum
874 1247 940 1299 est:
976 1234 1080 1300 colere
1107 1227 1263 1315 Ptttum„

208 1349 308 1424 etque
328 1335 365 1400 in
386 1355 425 1399 eo
447 1343 496 1399 est
518 1337 643 1418 cultus,
672 1337 776 1402 Filio·
781 1335 999 1402 exhibendus

232 1435 379 1517 Sed,
415 1435 534 1522 quod
523 1437 698 1536 inprimis
720 1449 769 1507 est
793 1438 970 1520 notabile,
991 1435 1159 1504 Dominus
1186 1432 1251 1500 sibi

207 1537 357 1606 vindicat
384 1537 516 1604 cultum
543 1542 661 1621 talem,
699 1541 806 1624 qualis
833 1539 927 1606 Patri
957 1537 1125 1627 competit
1168 1533 1252 1604 Vult

207 1639 296 1704 enirn
320 1651 354 1705 ot
370 1640 553 1769 praecipite
592 1652 642 1712 ἵνα
671 1636 784 1716 πᾶπις
808 1645 921 1740 τιμαῖσι
945 1639 1002 1710 τιν
1022 1639 1109 1728 oliv,
1143 1637 1251 1718 καθιις

198 1743 324 1822 ‘suctu
342 1739 396 1808 τιν
417 1745 551 1830 πατέρα,
572 1753 626 1823 vt,
648 1767 716 1832 quo
739 1743 882 1810 Po'trem
902 1765 1036 1819 omnes,
1056 1739 1170 1817 eodem
1192 1740 1252 1805 Fi.

208 1841 297 1908 lium
319 1843 415 1910 cuttu
431 1859 685 1934 prosequantur
707 1867 828 1912 omnes.
869 1847 988 1934 ltaque
1009 1847 1156 1912 eundem
1177 1843 1257 1910 cul

208 1958 283 2012 tum
306 1945 477 2034 postulat,
496 1949 554 2036 qui
575 1947 756 2016 exhibetur
776 1947 885 2030 Patri,
912 1971 984 2014 nou
1002 1945 1164 2029 similem,
1193 1946 1251 2012 sed

209 2051 404 2135 aequalem,
441 2071 511 2115 ιιοιι
538 2048 574 2115 in
603 2051 667 2116 hac
687 2053 743 2118 vel
763 2052 822 2118 illa
845 2061 959 2138 parte,
995 2050 1103 2116 veluti
1123 2050 1271 2115 ratione,

91 2219 93 2222 .
172 2137 181 2184 7
210 2149 400 2232 doctrinas,
422 2152 479 2218 sed
502 2153 595 2219 omui
611 2175 657 2218 ex
673 2165 780 2241 purte.
818 2151 889 2220 Vt
878 2153 982 2238 igitur
994 2153 1127 2218 Patrem
1144 2173 1254 2240 agno-

209 2254 333 2320 scimus
355 2266 515 2341 tanquam
536 2277 658 2321 verum
678 2257 791 2321 Deum
812 2268 846 2320 et
866 2257 1001 2321 Patrem
1022 2257 1096 2321 lesu
1117 2253 1255 2338 Christi,

211 2356 270 2441 qui
292 2356 383 2421 misit
402 2356 524 2423 Filium
546 2380 647 2424 suum
668 2359 706 2423 ιιι
724 2360 784 2424 hos
806 2370 929 2439 terras3
950 2358 1000 2424 ita
1020 2356 1120 2423 etiam
1142 2359 1253 2424 Iesum

75 2436 78 2449 ’
138 2450 141 2459 ’
211 2454 374 2519 debemus
395 2478 572 2543 agnoscere
592 2471 755 2553 tanquam
775 2458 899 2527 Filium
918 2462 1001 2541 Dei,
1021 2458 1114 2525 Patri
1133 2480 1254 2546 parem

212 2568 248 2623 et
270 2552 462 2641 aequalem,
493 2558 643 2625 missum
655 2584 675 2625 a
695 2562 794 2627 Petro
815 2562 859 2627 ad
880 2563 1032 2629 homines
1059 2562 1252 2627 seruunclos.

211 2660 258 2727 Vt
277 2658 390 2725 Deum
404 2660 538 2725 Patrem
559 2662 736 2729 laudamus
757 2676 791 2729 et
811 2664 1017 2731 celebramus
1038 2674 1180 2753 propter
1199 2674 1256 2731 at·

214 2760 358 2843 tributa,
381 2782 484 2853 opera
505 2776 539 2828 et
560 2764 721 2830 beneficia
741 2764 875 2846 diuiua3
903 2768 951 2831 ito
972 2778 1006 2831 et
1024 2765 1149 2835 Filium
1167 2788 1256 2855 pro-

212 2876 290 2953 pter
311 2863 442 2930 easdem
469 2884 581 2932 musas
602 2866 741 2934 laudare
771 2880 806 2935 et
825 2868 993 2934 celebrare
1020 2878 1164 2958 oportet
1206 2869 1256 2938 Vt
1322 2892 1327 2895 ·

97 3002 101 3009 ·
213 2964 257 3031 ed
287 2966 422 3033 Patrem
451 2966 664 3055 confugimus
691 2971 729 3037 ιιι
756 2970 1006 3041 necessitatibus
1035 2971 1175 3054 nostris,
1211 2968 1255 3034 ad

214 3090 295 3133 eum
315 3090 433 3157 preces
453 3068 612 3155 humus,
648 3073 719 3140 cius
748 3074 914 3140 auxilium
936 3073 1173 3164 imploramus,
1209 3081 1254 3151 et,

212 3168 373 3258 quiequid
400 3175 622 3241 necessarium
652 3188 702 3241 est
722 3166 764 3242 ad
785 3179 927 3243 salutem
948 3188 1116 3255 noctram,
1149 3174 1191 3239 ab
1212 3195 1255 3238 eo

214 3273 405 3371 expetimus
422 3286 457 3339 et
477 3291 724 3367 exspectaturum
744 3275 791 3345 ita
808 3300 944 3365 quoque
964 3278 1007 3344 ad
1023 3278 1146 3347 Filium
1169 3298 1254 3341 con-

211 3366 329 3483 lugere
350 3376 519 3443 debemus.
563 3380 609 3449 Vt
620 3379 711 3445 Patn
731 3380 835 3447 fidem
851 3380 1044 3447 habemus
1033 3404 1070 3446 ιιι
1085 3378 1286 3460 omnibus„
1357 3414 1360 3419 ·

176 3544 185 3563 ο
212 3478 301 3565 quae
323 3477 421 3560 dicit,
444 3479 625 3569 promittit,
646 3481 813 3562 minatum
834 3482 881 3550 ita
900 3484 985 3549 Filio
1009 3502 1156 3569 quoque.
1206 3481 1255 3550 Vt

127 3591 133 3601 ¹
211 3578 250 3647 in
264 3580 363 3645 Patre
383 3580 540 3647 fiduciam
555 3606 692 3650 omnem
714 3586 933 3665 collocemus,
955 3584 1063 3651 sub
1035 3606 1104 3649 erus
1124 3584 1256 3668 guber-

104 3738 109 3745 .
214 3680 350 3749 natione
380 3694 414 3751 et
433 3684 537 3751 tutela
557 3686 643 3751 nihil
664 3686 746 3751 mali
767 3677 963 3769 metuimus,
997 3689 1105 3755 immo
1126 3685 1257 3775 optime

213 3803 367 3870 quaeque
388 3802 577 3885 speremus,
614 3812 700 3876 quae
722 3789 802 3855 dare
831 3788 967 3855 demum
988 3800 1097 3877 potest
1118 3800 1153 3855 et
1173 3788 1257 3853 solet

134 3895 140 3906 “
212 3877 328 3950 liberis
356 3899 452 3974 pater
478 3884 803 3976 indulgentissimum
842 3892 889 3956 ita
912 3893 949 3957 in
981 3889 1066 3957 Filio
1093 3889 1256 3957 fiduciam

212 3984 389 4076 ponimus,
410 3989 494 4057 nihil
516 3991 678 4067 ιιιιιιιιιιιιι
693 3992 778 4055 duce
793 3992 927 4059 Christo
949 4004 983 4057 et
1002 3993 1139 4081 auspsice
1153 3993 1257 4061 Chri·

147 4166 149 4169 .
212 4101 283 4173 sto,
304 4091 360 4158 sed
381 4092 494 4182 potius
514 4093 641 4182 optima
656 4114 827 4181 quaeque,
848 4094 1042 4163 uniuersam
1059 4086 1256 4165 felicitatem
