<?xml version="1.0" encoding="UTF-8"?>
<!DOCTYPE html PUBLIC "-//W3C//DTD XHTML 1.0 Transitional//EN"
    "http://www.w3.org/TR/xhtml1/DTD/xhtml1-transitional.dtd">
<html xmlns="http://www.w3.org/1999/xhtml" xml:lang="en" lang="en">
 <head>
  <title>
</title>
<meta http-equiv="Content-Type" content="text/html;charset=utf-8" />
  <meta name='ocr-system' content='tesseract 3.04.00' />
  <meta name='ocr-capabilities' content='ocr_page ocr_carea ocr_par ocr_line ocrx_word'/>
</head>
<body>
  <div class='ocr_page' id='page_1' title='image "./carolichristian00tittgoog_0320.png"; bbox 0 0 2800 4650; ppageno 0'>
   <div class='ocr_carea' id='block_1_1' title="bbox 188 170 837 279">
    <p class='ocr_par' dir='ltr' id='par_1_1' title="bbox 188 170 837 279">
     <span class='ocr_line' id='line_1_1' title="bbox 188 170 837 279; baseline -0.014 -9"><span class='ocrx_word' id='word_1_1' title='bbox 188 188 267 270; x_wconf 74' lang='lat' dir='ltr'><strong>&#39;stt</strong></span> <span class='ocrx_word' id='word_1_2' title='bbox 404 190 407 198; x_wconf 85' lang='grc'><strong>’</strong></span> <span class='ocrx_word' id='word_1_3' title='bbox 607 170 666 263; x_wconf 87' lang='lat' dir='ltr'><strong>to.</strong></span> <span class='ocrx_word' id='word_1_4' title='bbox 687 202 756 279; x_wconf 75' lang='grc' dir='ltr'><strong>ιι,</strong></span> <span class='ocrx_word' id='word_1_5' title='bbox 784 192 837 263; x_wconf 78' lang='grc'><strong>55.</strong></span> 
     </span>
    </p>
   </div>
   <div class='ocr_carea' id='block_1_2' title="bbox 111 349 1267 2092">
    <p class='ocr_par' dir='ltr' id='par_1_2' title="bbox 111 349 1267 2091">
     <span class='ocr_line' id='line_1_2' title="bbox 206 349 1251 457; baseline -0.002 -18"><span class='ocrx_word' id='word_1_6' title='bbox 206 361 394 439; x_wconf 79' lang='lat' dir='ltr'><strong>doeulnun</strong></span> <span class='ocrx_word' id='word_1_7' title='bbox 410 350 531 435; x_wconf 75' lang='lat' dir='ltr'><strong>referri</strong></span> <span class='ocrx_word' id='word_1_8' title='bbox 555 366 650 432; x_wconf 91' lang='lat' dir='ltr'><strong>nullo</strong></span> <span class='ocrx_word' id='word_1_9' title='bbox 669 362 772 431; x_wconf 91' lang='lat' dir='ltr'><strong>modo</strong></span> <span class='ocrx_word' id='word_1_10' title='bbox 795 369 954 454; x_wconf 84' lang='lat' dir='ltr'><strong>possunt3</strong></span> <span class='ocrx_word' id='word_1_11' title='bbox 983 360 1094 433; x_wconf 82' lang='lat' dir='ltr'><strong>veluti</strong></span> <span class='ocrx_word' id='word_1_12' title='bbox 1114 349 1251 457; x_wconf 63' lang='lat' dir='ltr'><strong>quand&amp;</strong></span> 
     </span>
     <span class='ocr_line' id='line_1_3' title="bbox 111 467 1247 567; baseline -0.004 -25"><span class='ocrx_word' id='word_1_13' title='bbox 111 551 116 567; x_wconf 26' lang='grc' dir='ltr'>ι</span> <span class='ocrx_word' id='word_1_14' title='bbox 205 492 289 545; x_wconf 73' lang='lat' dir='ltr'><strong>cers.</strong></span> <span class='ocrx_word' id='word_1_15' title='bbox 307 472 360 563; x_wconf 85' lang='grc'><strong>59.</strong></span> <span class='ocrx_word' id='word_1_16' title='bbox 385 470 485 537; x_wconf 81' lang='lat' dir='ltr'><strong>dicit:</strong></span> <span class='ocrx_word' id='word_1_17' title='bbox 514 468 808 549; x_wconf 77' lang='lat' dir='ltr'><strong>Petervu1t‚vt,</strong></span> <span class='ocrx_word' id='word_1_18' title='bbox 838 490 921 555; x_wconf 88' lang='lat' dir='ltr'><strong>quos</strong></span> <span class='ocrx_word' id='word_1_19' title='bbox 938 467 1024 534; x_wconf 88' lang='lat' dir='ltr'><strong>mihi</strong></span> <span class='ocrx_word' id='word_1_20' title='bbox 1044 470 1151 547; x_wconf 82' lang='lat' dir='ltr'>dedit,</span> <span class='ocrx_word' id='word_1_21' title='bbox 1177 490 1247 537; x_wconf 86' lang='lat' dir='ltr'><strong>uon</strong></span> 
     </span>
     <span class='ocr_line' id='line_1_4' title="bbox 207 569 1250 669; baseline 0.003 -33"><span class='ocrx_word' id='word_1_22' title='bbox 207 578 318 669; x_wconf 76' lang='lat' dir='ltr'><strong>perire</strong></span> <span class='ocrx_word' id='word_1_23' title='bbox 336 578 464 655; x_wconf 65' lang='lat' dir='ltr'><strong>mnam,</strong></span> <span class='ocrx_word' id='word_1_24' title='bbox 502 570 613 636; x_wconf 90' lang='lat' dir='ltr'><strong>sedin</strong></span> <span class='ocrx_word' id='word_1_25' title='bbox 634 569 742 635; x_wconf 83' lang='lat' dir='ltr'><strong>vitam</strong></span> <span class='ocrx_word' id='word_1_26' title='bbox 763 570 940 637; x_wconf 80' lang='lat' dir='ltr'><strong>restituam</strong></span> <span class='ocrx_word' id='word_1_27' title='bbox 967 570 1023 637; x_wconf 86' lang='lat' dir='ltr'><strong>die</strong></span> <span class='ocrx_word' id='word_1_28' title='bbox 1040 572 1160 637; x_wconf 89' lang='lat' dir='ltr'><strong>mundi</strong></span> <span class='ocrx_word' id='word_1_29' title='bbox 1182 596 1250 639; x_wconf 56' lang='lat' dir='ltr'><strong>ex*</strong></span> 
     </span>
     <span class='ocr_line' id='line_1_5' title="bbox 207 670 1250 763; baseline -0.004 -18"><span class='ocrx_word' id='word_1_30' title='bbox 207 687 337 762; x_wconf 72' lang='lat' dir='ltr'><strong>trem03</strong></span> <span class='ocrx_word' id='word_1_31' title='bbox 351 672 451 763; x_wconf 78' lang='lat' dir='ltr'><strong>.qucd</strong></span> <span class='ocrx_word' id='word_1_32' title='bbox 463 670 600 760; x_wconf 87' lang='lat' dir='ltr'><strong>repetiit</strong></span> <span class='ocrx_word' id='word_1_33' title='bbox 613 672 778 737; x_wconf 78' lang='lat' dir='ltr'><strong>Dominus</strong></span> <span class='ocrx_word' id='word_1_34' title='bbox 789 694 873 743; x_wconf 82' lang='lat' dir='ltr'><strong>vers.</strong></span> <span class='ocrx_word' id='word_1_35' title='bbox 888 672 940 737; x_wconf 90' lang='lat'><strong><em>40.</em></strong></span> <span class='ocrx_word' id='word_1_36' title='bbox 959 672 1011 737; x_wconf 89' lang='grc'><strong>44.</strong></span> <span class='ocrx_word' id='word_1_37' title='bbox 1026 672 1079 751; x_wconf 86' lang='grc'><strong>47.</strong></span> <span class='ocrx_word' id='word_1_38' title='bbox 1094 674 1147 741; x_wconf 86' lang='grc'><strong>54.</strong></span> <span class='ocrx_word' id='word_1_39' title='bbox 1178 678 1250 742; x_wconf 80' lang='lat' dir='ltr'><strong>De·</strong></span> 
     </span>
     <span class='ocr_line' id='line_1_6' title="bbox 208 770 1251 866; baseline -0.004 -19"><span class='ocrx_word' id='word_1_40' title='bbox 208 778 312 866; x_wconf 83' lang='lat' dir='ltr'><strong>nique</strong></span> <span class='ocrx_word' id='word_1_41' title='bbox 327 770 417 843; x_wconf 81' lang='lat' dir='ltr'><strong>etad</strong></span> <span class='ocrx_word' id='word_1_42' title='bbox 431 776 540 865; x_wconf 83' lang='lat' dir='ltr'><strong>ipsam</strong></span> <span class='ocrx_word' id='word_1_43' title='bbox 554 774 867 863; x_wconf 71' lang='lat' dir='ltr'><strong>interpretationem</strong></span> <span class='ocrx_word' id='word_1_44' title='bbox 882 776 1107 841; x_wconf 76' lang='lat' dir='ltr'><strong>authenticam</strong></span> <span class='ocrx_word' id='word_1_45' title='bbox 1121 799 1251 865; x_wconf 86' lang='lat' dir='ltr'><strong>prouo-</strong></span> 
     </span>
     <span class='ocr_line' id='line_1_7' title="bbox 209 876 1249 971; baseline -0.005 -22"><span class='ocrx_word' id='word_1_46' title='bbox 209 904 288 949; x_wconf 86' lang='lat' dir='ltr'><strong>care</strong></span> <span class='ocrx_word' id='word_1_47' title='bbox 299 880 484 971; x_wconf 75' lang='lat' dir='ltr'><strong>possumus.</strong></span> <span class='ocrx_word' id='word_1_48' title='bbox 527 877 615 944; x_wconf 82' lang='lat' dir='ltr'><strong>Nam</strong></span> <span class='ocrx_word' id='word_1_49' title='bbox 629 877 794 944; x_wconf 88' lang='lat' dir='ltr'><strong>Dominus</strong></span> <span class='ocrx_word' id='word_1_50' title='bbox 812 879 883 967; x_wconf 83' lang='lat' dir='ltr'><strong>ipse</strong></span> <span class='ocrx_word' id='word_1_51' title='bbox 904 876 1016 943; x_wconf 87' lang='lat' dir='ltr'><strong>verbis</strong></span> <span class='ocrx_word' id='word_1_52' title='bbox 1032 876 1162 943; x_wconf 79' lang='lat' dir='ltr'><strong>disertis</strong></span> <span class='ocrx_word' id='word_1_53' title='bbox 1182 901 1249 944; x_wconf 80' lang='lat' dir='ltr'><strong>ex-</strong></span> 
     </span>
     <span class='ocr_line' id='line_1_8' title="bbox 209 978 1250 1074; baseline 0 -24"><span class='ocrx_word' id='word_1_54' title='bbox 209 983 368 1074; x_wconf 63' lang='lat' dir='ltr'><strong>pliceuit5</strong></span> <span class='ocrx_word' id='word_1_55' title='bbox 399 978 481 1067; x_wconf 88' lang='lat' dir='ltr'><strong>quid</strong></span> <span class='ocrx_word' id='word_1_56' title='bbox 502 979 564 1046; x_wconf 92' lang='lat' dir='ltr'><strong>sibi</strong></span> <span class='ocrx_word' id='word_1_57' title='bbox 589 978 753 1061; x_wconf 81' lang='lat' dir='ltr'><strong>voluerit,</strong></span> <span class='ocrx_word' id='word_1_58' title='bbox 783 982 915 1067; x_wconf 86' lang='lat' dir='ltr'><strong>quando</strong></span> <span class='ocrx_word' id='word_1_59' title='bbox 938 1002 974 1045; x_wconf 91' lang='lat' dir='ltr'><strong>se</strong></span> <span class='ocrx_word' id='word_1_60' title='bbox 995 980 1176 1069; x_wconf 86' lang='lat' dir='ltr'><strong>appellauit</strong></span> <span class='ocrx_word' id='word_1_61' title='bbox 1197 981 1250 1050; x_wconf 76' lang='lat' dir='ltr'><strong>eds</strong></span> 
     </span>
     <span class='ocr_line' id='line_1_9' title="bbox 209 1078 1252 1176; baseline -0.003 -24"><span class='ocrx_word' id='word_1_62' title='bbox 209 1088 301 1174; x_wconf 74' lang='grc' dir='ltr'><strong><em>ἄρτον</em></strong></span> <span class='ocrx_word' id='word_1_63' title='bbox 319 1082 376 1165; x_wconf 75' lang='grc' dir='ltr'><strong>τῆς</strong></span> <span class='ocrx_word' id='word_1_64' title='bbox 397 1084 492 1161; x_wconf 67' lang='lat' dir='ltr'><strong>(tric,</strong></span> <span class='ocrx_word' id='word_1_65' title='bbox 519 1078 682 1147; x_wconf 81' lang='lat' dir='ltr'><strong>nimirum</strong></span> <span class='ocrx_word' id='word_1_66' title='bbox 703 1102 786 1148; x_wconf 79' lang='lat' dir='ltr'><strong>vers.</strong></span> <span class='ocrx_word' id='word_1_67' title='bbox 801 1084 858 1146; x_wconf 88' lang='grc' dir='ltr'>5ι.’</span> <span class='ocrx_word' id='word_1_68' title='bbox 875 1078 961 1145; x_wconf 85' lang='lat' dir='ltr'><strong>dixit</strong></span> <span class='ocrx_word' id='word_1_69' title='bbox 975 1078 1074 1147; x_wconf 85' lang='lat' dir='ltr'><strong>haec:</strong></span> <span class='ocrx_word' id='word_1_70' title='bbox 1101 1104 1164 1173; x_wconf 86' lang='lat' dir='ltr'><strong>per</strong></span> <span class='ocrx_word' id='word_1_71' title='bbox 1182 1095 1252 1176; x_wconf 76' lang='lat' dir='ltr'><strong>pd-</strong></span> 
     </span>
     <span class='ocr_line' id='line_1_10' title="bbox 124 1171 1251 1274; baseline -0.001 -20"><span class='ocrx_word' id='word_1_72' title='bbox 124 1171 128 1179; x_wconf 58' lang='grc'>’</span> <span class='ocrx_word' id='word_1_73' title='bbox 211 1210 306 1271; x_wconf 82' lang='lat' dir='ltr'><strong>nem,</strong></span> <span class='ocrx_word' id='word_1_74' title='bbox 328 1208 352 1251; x_wconf 87' lang='lat' dir='ltr'><strong><em>a</em></strong></span> <span class='ocrx_word' id='word_1_75' title='bbox 366 1206 420 1251; x_wconf 78' lang='lat' dir='ltr'><strong>me</strong></span> <span class='ocrx_word' id='word_1_76' title='bbox 433 1180 668 1256; x_wconf 80' lang='lat' dir='ltr'><strong>tribuendum</strong></span> <span class='ocrx_word' id='word_1_77' title='bbox 690 1176 847 1274; x_wconf 78' lang='lat' dir='ltr'><strong>intelligo</strong></span> <span class='ocrx_word' id='word_1_78' title='bbox 858 1200 976 1270; x_wconf 84' lang='lat' dir='ltr'><strong>corpus</strong></span> <span class='ocrx_word' id='word_1_79' title='bbox 993 1206 1125 1265; x_wconf 85' lang='lat' dir='ltr'><strong>meum,</strong></span> <span class='ocrx_word' id='word_1_80' title='bbox 1148 1186 1251 1253; x_wconf 84' lang='lat' dir='ltr'><strong>morti</strong></span> 
     </span>
     <span class='ocr_line' id='line_1_11' title="bbox 211 1277 1250 1381; baseline -0.003 -24"><span class='ocrx_word' id='word_1_81' title='bbox 211 1284 417 1357; x_wconf 73' lang='lat' dir='ltr'><strong>tradendum</strong></span> <span class='ocrx_word' id='word_1_82' title='bbox 427 1298 492 1373; x_wconf 77' lang='lat' dir='ltr'><strong>pto</strong></span> <span class='ocrx_word' id='word_1_83' title='bbox 508 1277 619 1349; x_wconf 66' lang='lat' dir='ltr'><strong>caute</strong></span> <span class='ocrx_word' id='word_1_84' title='bbox 630 1282 776 1381; x_wconf 65' lang='lat' dir='ltr'><strong>ltumqni</strong></span> <span class='ocrx_word' id='word_1_85' title='bbox 788 1284 934 1375; x_wconf 79' lang='lat' dir='ltr'><strong>generis.</strong></span> <span class='ocrx_word' id='word_1_86' title='bbox 976 1284 1081 1369; x_wconf 86' lang='lat' dir='ltr'><strong>Igitur</strong></span> <span class='ocrx_word' id='word_1_87' title='bbox 1096 1308 1200 1373; x_wconf 85' lang='lat' dir='ltr'><strong>quare</strong></span> <span class='ocrx_word' id='word_1_88' title='bbox 1213 1307 1250 1354; x_wconf 91' lang='lat' dir='ltr'><strong>se</strong></span> 
     </span>
     <span class='ocr_line' id='line_1_12' title="bbox 209 1383 1252 1489; baseline -0.005 -30"><span class='ocrx_word' id='word_1_89' title='bbox 209 1390 265 1459; x_wconf 78' lang='lat' dir='ltr'><strong>eir</strong></span> <span class='ocrx_word' id='word_1_90' title='bbox 277 1390 369 1489; x_wconf 68' lang='grc' dir='ltr'>ἄρτοι</span> <span class='ocrx_word' id='word_1_91' title='bbox 382 1388 436 1465; x_wconf 75' lang='grc' dir='ltr'><strong>τῆς</strong></span> <span class='ocrx_word' id='word_1_92' title='bbox 457 1383 533 1465; x_wconf 68' lang='grc' dir='ltr'><strong>ζωῆς</strong></span> <span class='ocrx_word' id='word_1_93' title='bbox 547 1384 753 1474; x_wconf 74' lang='lat' dir='ltr'><strong>appellauit?</strong></span> <span class='ocrx_word' id='word_1_94' title='bbox 786 1386 873 1453; x_wconf 85' lang='lat' dir='ltr'><strong>Nam</strong></span> <span class='ocrx_word' id='word_1_95' title='bbox 886 1398 1026 1475; x_wconf 87' lang='lat' dir='ltr'><strong>propter</strong></span> <span class='ocrx_word' id='word_1_96' title='bbox 1041 1384 1252 1454; x_wconf 77' lang='lat' dir='ltr'><strong>doctrinam?</strong></span> 
     </span>
     <span class='ocr_line' id='line_1_13' title="bbox 210 1484 1249 1577; baseline -0.006 -14"><span class='ocrx_word' id='word_1_97' title='bbox 210 1492 311 1563; x_wconf 86' lang='lat' dir='ltr'><strong>Nullo</strong></span> <span class='ocrx_word' id='word_1_98' title='bbox 331 1490 446 1557; x_wconf 82' lang='lat' dir='ltr'><strong>modo.</strong></span> <span class='ocrx_word' id='word_1_99' title='bbox 505 1484 572 1554; x_wconf 84' lang='lat' dir='ltr'><strong>Sed</strong></span> <span class='ocrx_word' id='word_1_100' title='bbox 601 1497 741 1575; x_wconf 76' lang='lat' dir='ltr'><strong>propter</strong></span> <span class='ocrx_word' id='word_1_101' title='bbox 761 1499 908 1555; x_wconf 87' lang='lat' dir='ltr'><strong>mortem</strong></span> <span class='ocrx_word' id='word_1_102' title='bbox 932 1510 1027 1554; x_wconf 86' lang='lat' dir='ltr'><strong>suam</strong></span> <span class='ocrx_word' id='word_1_103' title='bbox 1057 1490 1249 1577; x_wconf 90' lang='lat' dir='ltr'><strong>etquidem</strong></span> 
     </span>
     <span class='ocr_line' id='line_1_14' title="bbox 211 1587 1251 1678; baseline -0.001 -18"><span class='ocrx_word' id='word_1_104' title='bbox 211 1596 392 1674; x_wconf 81' lang='lat' dir='ltr'><strong>hactenus,</strong></span> <span class='ocrx_word' id='word_1_105' title='bbox 413 1600 652 1678; x_wconf 81' lang='lat' dir='ltr'><strong>quatenusper</strong></span> <span class='ocrx_word' id='word_1_106' title='bbox 670 1610 745 1653; x_wconf 81' lang='lat' dir='ltr'><strong>oum</strong></span> <span class='ocrx_word' id='word_1_107' title='bbox 766 1587 961 1655; x_wconf 80' lang='lat' dir='ltr'><strong>felicitatem</strong></span> <span class='ocrx_word' id='word_1_108' title='bbox 981 1590 1165 1657; x_wconf 81' lang='lat' dir='ltr'><strong>humanam</strong></span> <span class='ocrx_word' id='word_1_109' title='bbox 1190 1614 1251 1660; x_wconf 85' lang='lat' dir='ltr'><strong>ec-</strong></span> 
     </span>
     <span class='ocr_line' id='line_1_15' title="bbox 212 1686 1267 1787; baseline 0.003 -26"><span class='ocrx_word' id='word_1_110' title='bbox 212 1694 357 1787; x_wconf 88' lang='lat' dir='ltr'><strong>quisiuit.</strong></span> <span class='ocrx_word' id='word_1_111' title='bbox 399 1686 530 1775; x_wconf 85' lang='lat' dir='ltr'><strong>Deinde</strong></span> <span class='ocrx_word' id='word_1_112' title='bbox 545 1713 633 1758; x_wconf 74' lang='lat' dir='ltr'><strong>vers.</strong></span> <span class='ocrx_word' id='word_1_113' title='bbox 647 1690 700 1755; x_wconf 86' lang='grc'><strong>55.</strong></span> <span class='ocrx_word' id='word_1_114' title='bbox 721 1712 839 1780; x_wconf 81' lang='lat' dir='ltr'><strong>corpus</strong></span> <span class='ocrx_word' id='word_1_115' title='bbox 853 1714 985 1769; x_wconf 83' lang='lat' dir='ltr'><strong>meum,</strong></span> <span class='ocrx_word' id='word_1_116' title='bbox 1005 1690 1129 1781; x_wconf 88' lang='lat' dir='ltr'><strong>inquit,</strong></span> <span class='ocrx_word' id='word_1_117' title='bbox 1151 1717 1267 1765; x_wconf 79' lang='lat' dir='ltr'><strong>verus·</strong></span> 
     </span>
     <span class='ocr_line' id='line_1_16' title="bbox 211 1790 1252 1886; baseline 0.001 -20"><span class='ocrx_word' id='word_1_118' title='bbox 211 1798 304 1867; x_wconf 83' lang='lat' dir='ltr'><strong>cidus</strong></span> <span class='ocrx_word' id='word_1_119' title='bbox 315 1808 385 1873; x_wconf 83' lang='lat' dir='ltr'><strong>est,</strong></span> <span class='ocrx_word' id='word_1_120' title='bbox 407 1795 552 1885; x_wconf 67' lang='lat' dir='ltr'><strong>scmguts</strong></span> <span class='ocrx_word' id='word_1_121' title='bbox 564 1816 659 1859; x_wconf 67' lang='lat' dir='ltr'><strong>meris</strong></span> <span class='ocrx_word' id='word_1_122' title='bbox 672 1816 772 1861; x_wconf 82' lang='lat' dir='ltr'><strong>cerus</strong></span> <span class='ocrx_word' id='word_1_123' title='bbox 780 1802 892 1882; x_wconf 81' lang='lat' dir='ltr'><strong>pctus.</strong></span> <span class='ocrx_word' id='word_1_124' title='bbox 937 1790 1028 1859; x_wconf 86' lang='lat' dir='ltr'><strong>Haec</strong></span> <span class='ocrx_word' id='word_1_125' title='bbox 1036 1810 1154 1875; x_wconf 48' lang='lat' dir='ltr'><strong>‚autem</strong></span> <span class='ocrx_word' id='word_1_126' title='bbox 1169 1800 1252 1886; x_wconf 88' lang='lat' dir='ltr'><strong>quid</strong></span> 
     </span>
     <span class='ocr_line' id='line_1_17' title="bbox 212 1894 1252 1988; baseline 0.001 -19"><span class='ocrx_word' id='word_1_127' title='bbox 212 1904 351 1969; x_wconf 90' lang='lat' dir='ltr'><strong>demum</strong></span> <span class='ocrx_word' id='word_1_128' title='bbox 361 1894 574 1987; x_wconf 78' lang='lat' dir='ltr'><strong>significanti</strong></span> <span class='ocrx_word' id='word_1_129' title='bbox 593 1894 685 1963; x_wconf 86' lang='lat' dir='ltr'><strong>Nihil</strong></span> <span class='ocrx_word' id='word_1_130' title='bbox 703 1894 812 1977; x_wconf 87' lang='lat' dir='ltr'><strong>aliud,</strong></span> <span class='ocrx_word' id='word_1_131' title='bbox 834 1916 935 1983; x_wconf 86' lang='lat' dir='ltr'><strong>quam</strong></span> <span class='ocrx_word' id='word_1_132' title='bbox 950 1895 1031 1963; x_wconf 70' lang='lat' dir='ltr'><strong>hocs</strong></span> <span class='ocrx_word' id='word_1_133' title='bbox 1059 1912 1252 1988; x_wconf 77' lang='lat' dir='ltr'><strong>memore,</strong></span> 
     </span>
     <span class='ocr_line' id='line_1_18' title="bbox 212 1996 1252 2092; baseline 0.003 -24"><span class='ocrx_word' id='word_1_134' title='bbox 212 2016 247 2071; x_wconf 85' lang='lat' dir='ltr'><strong>et</strong></span> <span class='ocrx_word' id='word_1_135' title='bbox 267 2001 427 2092; x_wconf 90' lang='lat' dir='ltr'><strong>quicquid</strong></span> <span class='ocrx_word' id='word_1_136' title='bbox 450 2022 526 2067; x_wconf 85' lang='lat' dir='ltr'><strong>mea</strong></span> <span class='ocrx_word' id='word_1_137' title='bbox 540 2010 652 2063; x_wconf 87' lang='lat' dir='ltr'><strong>morte</strong></span> <span class='ocrx_word' id='word_1_138' title='bbox 673 1996 914 2085; x_wconf 85' lang='lat' dir='ltr'><strong>impetraturus</strong></span> <span class='ocrx_word' id='word_1_139' title='bbox 939 2016 1034 2081; x_wconf 87' lang='lat' dir='ltr'><strong>sum,</strong></span> <span class='ocrx_word' id='word_1_140' title='bbox 1063 2000 1091 2067; x_wconf 88' lang='lat' dir='ltr'><strong>is</strong></span> <span class='ocrx_word' id='word_1_141' title='bbox 1112 2002 1252 2075; x_wconf 84' lang='lat' dir='ltr'><strong>demum</strong></span> 
     </span>
    </p>
   </div>
   <div class='ocr_carea' id='block_1_3' title="bbox 65 2099 1252 2193">
    <p class='ocr_par' dir='ltr' id='par_1_3' title="bbox 65 2099 1252 2193">
     <span class='ocr_line' id='line_1_19' title="bbox 65 2099 1252 2193; baseline 0.044 -64"><span class='ocrx_word' id='word_1_142' title='bbox 65 2122 69 2129; x_wconf 93' lang='lat'>.</span> <span class='ocrx_word' id='word_1_143' title='bbox 168 2160 181 2179; x_wconf 40' lang='grc' dir='ltr'><em>Ι</em></span> <span class='ocrx_word' id='word_1_144' title='bbox 211 2120 262 2175; x_wconf 50' lang='lat' dir='ltr'><strong>„t</strong></span> <span class='ocrx_word' id='word_1_145' title='bbox 281 2127 381 2170; x_wconf 59' lang='lat' dir='ltr'><strong>vem„</strong></span> <span class='ocrx_word' id='word_1_146' title='bbox 402 2104 507 2193; x_wconf 57' lang='lat' dir='ltr'><strong>pm</strong></span> <span class='ocrx_word' id='word_1_147' title='bbox 552 2102 658 2187; x_wconf 78' lang='lat' dir='ltr'><strong>Ergo</strong></span> <span class='ocrx_word' id='word_1_148' title='bbox 681 2099 849 2191; x_wconf 87' lang='lat' dir='ltr'><strong>Dominus</strong></span> <span class='ocrx_word' id='word_1_149' title='bbox 873 2102 960 2165; x_wconf 87' lang='lat' dir='ltr'><strong>est</strong></span> <span class='ocrx_word' id='word_1_150' title='bbox 941 2128 958 2169; x_wconf 90' lang='lat' dir='ltr'><strong>o</strong></span> <span class='ocrx_word' id='word_1_151' title='bbox 980 2104 1069 2187; x_wconf 73' lang='grc' dir='ltr'><em>ἄρτος</em></span> <span class='ocrx_word' id='word_1_152' title='bbox 1089 2132 1144 2185; x_wconf 73' lang='grc' dir='ltr'><strong>της</strong></span> <span class='ocrx_word' id='word_1_153' title='bbox 1158 2110 1252 2191; x_wconf 70' lang='lat' dir='ltr'><strong>loric,</strong></span> 
     </span>
    </p>
   </div>
   <div class='ocr_carea' id='block_1_4' title="bbox 139 2200 1270 2532">
    <p class='ocr_par' dir='ltr' id='par_1_4' title="bbox 139 2200 1253 2503">
     <span class='ocr_line' id='line_1_20' title="bbox 139 2200 1251 2297; baseline 0.004 -24"><span class='ocrx_word' id='word_1_154' title='bbox 139 2226 144 2235; x_wconf 86' lang='lat'><strong>·</strong></span> <span class='ocrx_word' id='word_1_155' title='bbox 212 2218 377 2297; x_wconf 85' lang='lat' dir='ltr'><strong>quatenus</strong></span> <span class='ocrx_word' id='word_1_156' title='bbox 392 2205 498 2271; x_wconf 83' lang='lat' dir='ltr'><strong>vitam</strong></span> <span class='ocrx_word' id='word_1_157' title='bbox 514 2226 575 2269; x_wconf 80' lang='lat' dir='ltr'><strong>sus</strong></span> <span class='ocrx_word' id='word_1_158' title='bbox 588 2212 699 2267; x_wconf 85' lang='lat' dir='ltr'><strong>morte</strong></span> <span class='ocrx_word' id='word_1_159' title='bbox 714 2200 898 2287; x_wconf 85' lang='lat' dir='ltr'><strong>ecquisiuit.</strong></span> <span class='ocrx_word' id='word_1_160' title='bbox 926 2200 991 2271; x_wconf 86' lang='lat' dir='ltr'><strong>Sed</strong></span> <span class='ocrx_word' id='word_1_161' title='bbox 1006 2202 1134 2271; x_wconf 85' lang='lat' dir='ltr'><strong>addidit</strong></span> <span class='ocrx_word' id='word_1_162' title='bbox 1150 2208 1251 2277; x_wconf 83' lang='lat' dir='ltr'><strong>etism</strong></span> 
     </span>
     <span class='ocr_line' id='line_1_21' title="bbox 212 2296 1270 2426; baseline 0.005 -53"><span class='ocrx_word' id='word_1_163' title='bbox 212 2306 342 2394; x_wconf 70' lang='lat' dir='ltr'><strong>aliquid</strong></span> <span class='ocrx_word' id='word_1_164' title='bbox 360 2308 524 2426; x_wconf 29' lang='lat' dir='ltr'><strong>numptius?</strong></span> <span class='ocrx_word' id='word_1_165' title='bbox 552 2324 639 2374; x_wconf 76' lang='lat' dir='ltr'><strong>cers.</strong></span> <span class='ocrx_word' id='word_1_166' title='bbox 654 2303 707 2388; x_wconf 89' lang='grc'><strong>57.</strong></span> <span class='ocrx_word' id='word_1_167' title='bbox 730 2302 855 2371; x_wconf 88' lang='lat' dir='ltr'><strong>scilicet</strong></span> <span class='ocrx_word' id='word_1_168' title='bbox 873 2306 956 2375; x_wconf 90' lang='lat' dir='ltr'><strong>hoc.</strong></span> <span class='ocrx_word' id='word_1_169' title='bbox 947 2316 1014 2374; x_wconf 79' lang='lat' dir='ltr'><strong>·‹›t</strong></span> <span class='ocrx_word' id='word_1_170' title='bbox 1026 2306 1151 2392; x_wconf 81' lang='lat' dir='ltr'><strong>Pater,</strong></span> <span class='ocrx_word' id='word_1_171' title='bbox 1171 2296 1270 2401; x_wconf 82' lang='lat' dir='ltr'><strong>per&#39;</strong></span> 
     </span>
     <span class='ocr_line' id='line_1_22' title="bbox 208 2404 1253 2532; baseline 0.003 -56"><span class='ocrx_word' id='word_1_172' title='bbox 208 2421 317 2503; x_wconf 69' lang='grc' dir='ltr'>μιιιο</span> <span class='ocrx_word' id='word_1_173' title='bbox 331 2409 463 2490; x_wconf 77' lang='lat' dir='ltr'><strong>ciuem,</strong></span> <span class='ocrx_word' id='word_1_174' title='bbox 484 2407 590 2475; x_wconf 81' lang='lat' dir='ltr'><strong>vitam</strong></span> <span class='ocrx_word' id='word_1_175' title='bbox 604 2404 798 2490; x_wconf 80' lang='lat' dir='ltr'><strong>conferens,</strong></span> <span class='ocrx_word' id='word_1_176' title='bbox 820 2431 873 2474; x_wconf 82' lang='lat' dir='ltr'><strong>mc</strong></span> <span class='ocrx_word' id='word_1_177' title='bbox 891 2413 928 2474; x_wconf 81' lang='lat' dir='ltr'><strong>in</strong></span> <span class='ocrx_word' id='word_1_178' title='bbox 941 2407 1003 2474; x_wconf 73' lang='lat' dir='ltr'><strong>lios</strong></span> <span class='ocrx_word' id='word_1_179' title='bbox 1018 2419 1127 2476; x_wconf 83' lang='lat' dir='ltr'><strong>terrae</strong></span> <span class='ocrx_word' id='word_1_180' title='bbox 1148 2409 1253 2532; x_wconf 59' lang='lat' dir='ltr'><strong>misit,</strong></span> 
     </span>
    </p>
   </div>
   <div class='ocr_carea' id='block_1_5' title="bbox 51 2491 1253 2601">
    <p class='ocr_par' dir='ltr' id='par_1_5' title="bbox 51 2491 1253 2601">
     <span class='ocr_line' id='line_1_23' title="bbox 51 2491 1253 2601; baseline 0.002 -19"><span class='ocrx_word' id='word_1_181' title='bbox 51 2547 55 2554; x_wconf 89' lang='lat'>·</span> <span class='ocrx_word' id='word_1_182' title='bbox 124 2567 128 2574; x_wconf 92' lang='lat'><em>.</em></span> <span class='ocrx_word' id='word_1_183' title='bbox 213 2523 317 2600; x_wconf 68' lang='lat' dir='ltr'><strong>etque</strong></span> <span class='ocrx_word' id='word_1_184' title='bbox 330 2533 392 2600; x_wconf 80' lang='lat' dir='ltr'><strong>ego</strong></span> <span class='ocrx_word' id='word_1_185' title='bbox 403 2533 466 2601; x_wconf 81' lang='lat' dir='ltr'><strong>per</strong></span> <span class='ocrx_word' id='word_1_186' title='bbox 477 2508 671 2580; x_wconf 76' lang='lat' dir='ltr'><strong>Patrem</strong></span> <span class='ocrx_word' id='word_1_187' title='bbox 635 2531 734 2585; x_wconf 80' lang='grc' dir='ltr'>νιιιο,</span> <span class='ocrx_word' id='word_1_188' title='bbox 765 2509 872 2576; x_wconf 84' lang='lat' dir='ltr'><strong>vitem</strong></span> <span class='ocrx_word' id='word_1_189' title='bbox 888 2507 1044 2575; x_wconf 85' lang='lat' dir='ltr'><strong>habeo</strong></span> <span class='ocrx_word' id='word_1_190' title='bbox 1009 2491 1146 2601; x_wconf 72' lang='lat' dir='ltr'><strong>ermque</strong></span> <span class='ocrx_word' id='word_1_191' title='bbox 1160 2517 1253 2584; x_wconf 88' lang='lat' dir='ltr'><strong>viui·</strong></span> 
     </span>
    </p>
   </div>
   <div class='ocr_carea' id='block_1_6' title="bbox 169 2611 1254 3857">
    <p class='ocr_par' dir='ltr' id='par_1_6' title="bbox 169 2611 1251 3312">
     <span class='ocr_line' id='line_1_24' title="bbox 213 2611 1251 2704; baseline 0.002 -22"><span class='ocrx_word' id='word_1_192' title='bbox 213 2611 388 2695; x_wconf 79' lang='lat' dir='ltr'><strong>licentem,</strong></span> <span class='ocrx_word' id='word_1_193' title='bbox 416 2615 470 2679; x_wconf 82' lang='lat' dir='ltr'><strong>ito</strong></span> <span class='ocrx_word' id='word_1_194' title='bbox 483 2631 631 2703; x_wconf 80' lang='lat' dir='ltr'><strong>quoque,</strong></span> <span class='ocrx_word' id='word_1_195' title='bbox 656 2612 717 2701; x_wconf 76' lang='lat' dir='ltr'><strong>qui</strong></span> <span class='ocrx_word' id='word_1_196' title='bbox 735 2633 791 2678; x_wconf 85' lang='lat' dir='ltr'><strong>me</strong></span> <span class='ocrx_word' id='word_1_197' title='bbox 810 2611 975 2690; x_wconf 83' lang='lat' dir='ltr'><strong>comedet,</strong></span> <span class='ocrx_word' id='word_1_198' title='bbox 996 2633 1062 2704; x_wconf 81' lang='lat' dir='ltr'><strong>per</strong></span> <span class='ocrx_word' id='word_1_199' title='bbox 1076 2639 1130 2684; x_wconf 90' lang='lat' dir='ltr'><strong>me</strong></span> <span class='ocrx_word' id='word_1_200' title='bbox 1151 2619 1251 2687; x_wconf 71' lang='lat' dir='ltr'><strong>uiuet.</strong></span> 
     </span>
     <span class='ocr_line' id='line_1_25' title="bbox 169 2705 1254 2809; baseline 0.008 -28"><span class='ocrx_word' id='word_1_201' title='bbox 169 2773 173 2781; x_wconf 77' lang='grc'>,</span> <span class='ocrx_word' id='word_1_202' title='bbox 214 2716 263 2786; x_wconf 80' lang='lat' dir='ltr'><strong>Vt</strong></span> <span class='ocrx_word' id='word_1_203' title='bbox 277 2713 381 2781; x_wconf 88' lang='lat' dir='ltr'><strong>vitam</strong></span> <span class='ocrx_word' id='word_1_204' title='bbox 394 2705 545 2796; x_wconf 85' lang='lat' dir='ltr'><strong>habeo,</strong></span> <span class='ocrx_word' id='word_1_205' title='bbox 534 2727 581 2782; x_wconf 83' lang='lat' dir='ltr'><strong>tta</strong></span> <span class='ocrx_word' id='word_1_206' title='bbox 593 2717 700 2783; x_wconf 76' lang='lat' dir='ltr'><strong>vitam</strong></span> <span class='ocrx_word' id='word_1_207' title='bbox 715 2713 758 2780; x_wconf 91' lang='lat' dir='ltr'><strong>do</strong></span> <span class='ocrx_word' id='word_1_208' title='bbox 772 2725 807 2780; x_wconf 90' lang='lat' dir='ltr'><strong>et</strong></span> <span class='ocrx_word' id='word_1_209' title='bbox 821 2713 901 2781; x_wconf 86' lang='lat' dir='ltr'><strong>dare</strong></span> <span class='ocrx_word' id='word_1_210' title='bbox 911 2739 1059 2805; x_wconf 85' lang='lat' dir='ltr'><strong>possum,</strong></span> <span class='ocrx_word' id='word_1_211' title='bbox 1079 2715 1137 2802; x_wconf 83' lang='lat' dir='ltr'><strong>ita,</strong></span> <span class='ocrx_word' id='word_1_212' title='bbox 1159 2722 1254 2809; x_wconf 85' lang='lat' dir='ltr'><strong>quis·</strong></span> 
     </span>
     <span class='ocr_line' id='line_1_26' title="bbox 213 2815 1254 2915; baseline 0.006 -31"><span class='ocrx_word' id='word_1_213' title='bbox 213 2817 289 2915; x_wconf 87' lang='lat' dir='ltr'><strong>quis</strong></span> <span class='ocrx_word' id='word_1_214' title='bbox 301 2817 337 2888; x_wconf 85' lang='lat' dir='ltr'><strong>in</strong></span> <span class='ocrx_word' id='word_1_215' title='bbox 351 2839 408 2882; x_wconf 90' lang='lat' dir='ltr'><strong>me</strong></span> <span class='ocrx_word' id='word_1_216' title='bbox 422 2817 610 2902; x_wconf 82' lang='lat' dir='ltr'><strong>crediderit,</strong></span> <span class='ocrx_word' id='word_1_217' title='bbox 631 2815 737 2884; x_wconf 85' lang='lat' dir='ltr'><strong>vitam</strong></span> <span class='ocrx_word' id='word_1_218' title='bbox 752 2815 889 2905; x_wconf 85' lang='lat' dir='ltr'><strong>accipiet</strong></span> <span class='ocrx_word' id='word_1_219' title='bbox 903 2839 965 2908; x_wconf 89' lang='lat' dir='ltr'><strong>per</strong></span> <span class='ocrx_word' id='word_1_220' title='bbox 977 2841 1044 2902; x_wconf 88' lang='lat' dir='ltr'><strong>me,</strong></span> <span class='ocrx_word' id='word_1_221' title='bbox 1060 2820 1174 2889; x_wconf 81' lang='lat' dir='ltr'><strong>&#39;vitam</strong></span> <span class='ocrx_word' id='word_1_222' title='bbox 1188 2823 1254 2890; x_wconf 85' lang='lat' dir='ltr'><strong>ha</strong></span> 
     </span>
     <span class='ocr_line' id='line_1_27' title="bbox 213 2907 1251 3009; baseline 0.004 -23"><span class='ocrx_word' id='word_1_223' title='bbox 213 2907 307 2988; x_wconf 76' lang='lat' dir='ltr'><strong>tebit</strong></span> <span class='ocrx_word' id='word_1_224' title='bbox 319 2943 376 2987; x_wconf 88' lang='lat' dir='ltr'><strong>me</strong></span> <span class='ocrx_word' id='word_1_225' title='bbox 398 2926 536 2989; x_wconf 85' lang='lat' dir='ltr'><strong>auctore</strong></span> <span class='ocrx_word' id='word_1_226' title='bbox 552 2928 586 2986; x_wconf 86' lang='lat' dir='ltr'><strong>et</strong></span> <span class='ocrx_word' id='word_1_227' title='bbox 599 2921 727 2988; x_wconf 85' lang='lat' dir='ltr'><strong>datore</strong></span> <span class='ocrx_word' id='word_1_228' title='bbox 770 2919 878 2988; x_wconf 82' lang='lat' dir='ltr'><strong>Aliter</strong></span> <span class='ocrx_word' id='word_1_229' title='bbox 894 2919 1028 3009; x_wconf 83' lang='lat' dir='ltr'><strong>quidem</strong></span> <span class='ocrx_word' id='word_1_230' title='bbox 1050 2921 1134 2990; x_wconf 84' lang='lat' dir='ltr'><strong>haec</strong></span> <span class='ocrx_word' id='word_1_231' title='bbox 1150 2923 1251 2990; x_wconf 84' lang='lat' dir='ltr'><strong>verba</strong></span> 
     </span>
     <span class='ocr_line' id='line_1_28' title="bbox 213 3015 1251 3142; baseline 0.002 -54"><span class='ocrx_word' id='word_1_232' title='bbox 213 3015 354 3109; x_wconf 80' lang='lat' dir='ltr'><strong>intelligi</strong></span> <span class='ocrx_word' id='word_1_233' title='bbox 375 3023 468 3092; x_wconf 87' lang='lat' dir='ltr'><strong>nullo</strong></span> <span class='ocrx_word' id='word_1_234' title='bbox 483 3025 584 3120; x_wconf 84' lang='lat' dir='ltr'><strong>modo</strong></span> <span class='ocrx_word' id='word_1_235' title='bbox 604 3036 754 3142; x_wconf 80' lang='lat' dir='ltr'><strong>possunt.</strong></span> <span class='ocrx_word' id='word_1_236' title='bbox 797 3023 898 3090; x_wconf 85' lang='lat' dir='ltr'><strong>Dabit</strong></span> <span class='ocrx_word' id='word_1_237' title='bbox 914 3033 1028 3090; x_wconf 89' lang='lat' dir='ltr'><strong>eutem</strong></span> <span class='ocrx_word' id='word_1_238' title='bbox 1052 3025 1158 3093; x_wconf 79' lang='lat' dir='ltr'><strong>vitam</strong></span> <span class='ocrx_word' id='word_1_239' title='bbox 1180 3041 1251 3090; x_wconf 88' lang='lat' dir='ltr'><strong>non</strong></span> 
     </span>
     <span class='ocr_line' id='line_1_29' title="bbox 213 3117 1248 3270; baseline -0.001 -78"><span class='ocrx_word' id='word_1_240' title='bbox 213 3125 367 3196; x_wconf 84' lang='lat' dir='ltr'><strong>modom</strong></span> <span class='ocrx_word' id='word_1_241' title='bbox 383 3124 467 3210; x_wconf 88' lang='lat' dir='ltr'><strong>hoc,</strong></span> <span class='ocrx_word' id='word_1_242' title='bbox 488 3129 546 3196; x_wconf 91' lang='lat' dir='ltr'><strong>sed</strong></span> <span class='ocrx_word' id='word_1_243' title='bbox 571 3131 672 3196; x_wconf 86' lang='lat' dir='ltr'><strong>etiam</strong></span> <span class='ocrx_word' id='word_1_244' title='bbox 686 3127 722 3193; x_wconf 89' lang='lat' dir='ltr'><strong>in</strong></span> <span class='ocrx_word' id='word_1_245' title='bbox 742 3127 848 3194; x_wconf 79' lang='lat' dir='ltr'><strong>altero</strong></span> <span class='ocrx_word' id='word_1_246' title='bbox 870 3125 1021 3212; x_wconf 87' lang='lat' dir='ltr'><strong>saeculo,</strong></span> <span class='ocrx_word' id='word_1_247' title='bbox 1043 3139 1079 3194; x_wconf 83' lang='lat' dir='ltr'><strong>vt</strong></span> <span class='ocrx_word' id='word_1_248' title='bbox 1097 3147 1179 3194; x_wconf 77' lang='lat' dir='ltr'><strong>vers.</strong></span> <span class='ocrx_word' id='word_1_249' title='bbox 1195 3117 1248 3270; x_wconf 84' lang='grc'><strong>59</strong></span> 
     </span>
     <span class='ocr_line' id='line_1_30' title="bbox 211 3176 753 3312; baseline -0.004 -16"><span class='ocrx_word' id='word_1_250' title='bbox 211 3227 266 3296; x_wconf 83' lang='grc' dir='ltr'><strong>4ο.</strong></span> <span class='ocrx_word' id='word_1_251' title='bbox 285 3226 339 3292; x_wconf 89' lang='grc'><strong>44.</strong></span> <span class='ocrx_word' id='word_1_252' title='bbox 356 3223 410 3312; x_wconf 88' lang='grc'><strong>47.</strong></span> <span class='ocrx_word' id='word_1_253' title='bbox 427 3176 479 3294; x_wconf 88' lang='grc'><strong>54.</strong></span> <span class='ocrx_word' id='word_1_254' title='bbox 496 3229 617 3298; x_wconf 88' lang='lat' dir='ltr'><strong>diserte</strong></span> <span class='ocrx_word' id='word_1_255' title='bbox 631 3229 753 3296; x_wconf 85' lang='lat' dir='ltr'><strong>docuit.</strong></span> 
     </span>
    </p>

    <p class='ocr_par' dir='ltr' id='par_1_7' title="bbox 211 3261 1250 3832">
     <span class='ocr_line' id='line_1_31' title="bbox 298 3261 1248 3420; baseline 0 -27"><span class='ocrx_word' id='word_1_256' title='bbox 298 3328 395 3394; x_wconf 83' lang='lat' dir='ltr'><strong>Dicet</strong></span> <span class='ocrx_word' id='word_1_257' title='bbox 410 3353 493 3396; x_wconf 82' lang='lat' dir='ltr'><strong>vero</strong></span> <span class='ocrx_word' id='word_1_258' title='bbox 515 3331 651 3420; x_wconf 83' lang='lat' dir='ltr'><strong>aliquis,</strong></span> <span class='ocrx_word' id='word_1_259' title='bbox 677 3325 865 3398; x_wconf 86' lang='lat' dir='ltr'><strong>Dominum</strong></span> <span class='ocrx_word' id='word_1_260' title='bbox 885 3339 999 3397; x_wconf 66' lang='lat' dir='ltr'><strong>umen</strong></span> <span class='ocrx_word' id='word_1_261' title='bbox 1022 3337 1056 3395; x_wconf 89' lang='lat' dir='ltr'><strong>et</strong></span> <span class='ocrx_word' id='word_1_262' title='bbox 1072 3328 1184 3418; x_wconf 77' lang='lat' dir='ltr'><strong>ipsum</strong></span> <span class='ocrx_word' id='word_1_263' title='bbox 1207 3261 1248 3394; x_wconf 89' lang='lat' dir='ltr'><strong>de</strong></span> 
     </span>
     <span class='ocr_line' id='line_1_32' title="bbox 212 3425 1250 3516; baseline 0.002 -22"><span class='ocrx_word' id='word_1_264' title='bbox 212 3425 364 3496; x_wconf 81' lang='lat' dir='ltr'><strong>doctriua</strong></span> <span class='ocrx_word' id='word_1_265' title='bbox 387 3455 447 3500; x_wconf 83' lang='lat' dir='ltr'><strong>soa</strong></span> <span class='ocrx_word' id='word_1_266' title='bbox 473 3457 543 3502; x_wconf 87' lang='lat' dir='ltr'><strong>esse</strong></span> <span class='ocrx_word' id='word_1_267' title='bbox 563 3435 719 3502; x_wconf 89' lang='lat' dir='ltr'><strong>locutum</strong></span> <span class='ocrx_word' id='word_1_268' title='bbox 750 3433 793 3498; x_wconf 90' lang='lat' dir='ltr'><strong>ad</strong></span> <span class='ocrx_word' id='word_1_269' title='bbox 824 3431 928 3500; x_wconf 86' lang='lat' dir='ltr'><strong>finem</strong></span> <span class='ocrx_word' id='word_1_270' title='bbox 951 3431 1050 3498; x_wconf 77' lang='lat' dir='ltr'><strong>liuius</strong></span> <span class='ocrx_word' id='word_1_271' title='bbox 1075 3427 1250 3516; x_wconf 85' lang='lat' dir='ltr'><strong>sermonis,</strong></span> 
     </span>
     <span class='ocr_line' id='line_1_33' title="bbox 211 3526 1249 3622; baseline 0.002 -24"><span class='ocrx_word' id='word_1_272' title='bbox 211 3548 299 3598; x_wconf 75' lang='lat' dir='ltr'><strong>vers.</strong></span> <span class='ocrx_word' id='word_1_273' title='bbox 318 3526 418 3598; x_wconf 80' lang='grc'><strong>65.</strong></span> <span class='ocrx_word' id='word_1_274' title='bbox 388 3557 485 3622; x_wconf 82' lang='lat' dir='ltr'><strong>etque</strong></span> <span class='ocrx_word' id='word_1_275' title='bbox 497 3535 700 3604; x_wconf 77' lang='lat' dir='ltr'><strong>tribuisse</strong></span> <span class='ocrx_word' id='word_1_276' title='bbox 665 3559 749 3622; x_wconf 76' lang='lat' dir='ltr'><strong>vim,</strong></span> <span class='ocrx_word' id='word_1_277' title='bbox 771 3535 860 3602; x_wconf 80' lang='lat' dir='ltr'><strong>vitae</strong></span> <span class='ocrx_word' id='word_1_278' title='bbox 874 3530 1105 3603; x_wconf 81' lang='lat' dir='ltr'><strong>conferendae.</strong></span> <span class='ocrx_word' id='word_1_279' title='bbox 1136 3533 1249 3601; x_wconf 70' lang='lat' dir='ltr'><strong>Recte·</strong></span> 
     </span>
     <span class='ocr_line' id='line_1_34' title="bbox 212 3623 1247 3722; baseline 0.003 -23"><span class='ocrx_word' id='word_1_280' title='bbox 212 3623 292 3699; x_wconf 83' lang='lat' dir='ltr'><strong>Sed</strong></span> <span class='ocrx_word' id='word_1_281' title='bbox 290 3653 373 3700; x_wconf 87' lang='lat' dir='ltr'><strong>non</strong></span> <span class='ocrx_word' id='word_1_282' title='bbox 398 3637 637 3708; x_wconf 86' lang='lat' dir='ltr'><strong>vnicslocutus</strong></span> <span class='ocrx_word' id='word_1_283' title='bbox 661 3652 710 3706; x_wconf 82' lang='lat' dir='ltr'><strong>est</strong></span> <span class='ocrx_word' id='word_1_284' title='bbox 732 3635 774 3706; x_wconf 86' lang='lat' dir='ltr'><strong>ds</strong></span> <span class='ocrx_word' id='word_1_285' title='bbox 797 3637 964 3718; x_wconf 85' lang='lat' dir='ltr'><strong>doctrine,</strong></span> <span class='ocrx_word' id='word_1_286' title='bbox 991 3656 1112 3702; x_wconf 81' lang='lat' dir='ltr'><strong>rerum</strong></span> <span class='ocrx_word' id='word_1_287' title='bbox 1136 3635 1247 3722; x_wconf 83' lang='lat' dir='ltr'><strong>etiarn,</strong></span> 
     </span>
     <span class='ocr_line' id='line_1_35' title="bbox 212 3731 1249 3857; baseline 0.008 -61"><span class='ocrx_word' id='word_1_288' title='bbox 212 3737 253 3800; x_wconf 80' lang='lat' dir='ltr'><strong>&#39;rt</strong></span> <span class='ocrx_word' id='word_1_289' title='bbox 267 3731 430 3822; x_wconf 78' lang='lat' dir='ltr'><strong>vidimus,</strong></span> <span class='ocrx_word' id='word_1_290' title='bbox 452 3736 495 3808; x_wconf 88' lang='lat' dir='ltr'><strong>de</strong></span> <span class='ocrx_word' id='word_1_291' title='bbox 507 3753 619 3808; x_wconf 86' lang='lat' dir='ltr'><strong>morte</strong></span> <span class='ocrx_word' id='word_1_292' title='bbox 634 3763 706 3810; x_wconf 83' lang='lat' dir='ltr'><strong>sua.</strong></span> <span class='ocrx_word' id='word_1_293' title='bbox 747 3739 794 3809; x_wconf 84' lang='lat' dir='ltr'><strong>Et</strong></span> <span class='ocrx_word' id='word_1_294' title='bbox 809 3763 870 3832; x_wconf 88' lang='lat' dir='ltr'><strong>per</strong></span> <span class='ocrx_word' id='word_1_295' title='bbox 892 3765 929 3808; x_wconf 79' lang='lat' dir='ltr'><strong>ce</strong></span> <span class='ocrx_word' id='word_1_296' title='bbox 922 3735 1068 3826; x_wconf 75' lang='grc' dir='ltr'><strong><em>ῥηματα</em></strong></span> <span class='ocrx_word' id='word_1_297' title='bbox 1089 3737 1249 3857; x_wconf 78' lang='lat' dir='ltr'><strong>quidnam</strong></span> 
     </span>
    </p>
   </div>
   <div class='ocr_carea' id='block_1_7' title="bbox 196 3831 1353 3914">
    <p class='ocr_par' dir='ltr' id='par_1_8' title="bbox 196 3831 1353 3914">
     <span class='ocr_line' id='line_1_36' title="bbox 196 3831 1353 3914; baseline 0.011 -15"><span class='ocrx_word' id='word_1_298' title='bbox 196 3831 352 3903; x_wconf 80' lang='lat' dir='ltr'><strong>demum</strong></span> <span class='ocrx_word' id='word_1_299' title='bbox 373 3838 567 3912; x_wconf 72' lang='lat' dir='ltr'><strong>intellexit?</strong></span> <span class='ocrx_word' id='word_1_300' title='bbox 594 3844 731 3914; x_wconf 84' lang='lat' dir='ltr'><strong>Scilicet</strong></span> <span class='ocrx_word' id='word_1_301' title='bbox 748 3867 817 3912; x_wconf 90' lang='lat' dir='ltr'><strong>non</strong></span> <span class='ocrx_word' id='word_1_302' title='bbox 838 3839 1025 3910; x_wconf 68' lang='lat' dir='ltr'><strong>docuinam</strong></span> <span class='ocrx_word' id='word_1_303' title='bbox 1048 3858 1145 3908; x_wconf 84' lang='lat' dir='ltr'><strong>suem</strong></span> <span class='ocrx_word' id='word_1_304' title='bbox 1167 3840 1249 3909; x_wconf 79' lang='lat' dir='ltr'><strong>v&#39;ni·</strong></span> <span class='ocrx_word' id='word_1_305' title='bbox 1259 3893 1263 3903; x_wconf 89' lang='lat'>.</span> <span class='ocrx_word' id='word_1_306' title='bbox 1350 3907 1353 3912; x_wconf 89' lang='lat'>.</span> 
     </span>
    </p>
   </div>
   <div class='ocr_carea' id='block_1_8' title="bbox 210 3939 1285 4035">
    <p class='ocr_par' dir='ltr' id='par_1_9' title="bbox 210 3939 1285 4035">
     <span class='ocr_line' id='line_1_37' title="bbox 210 3939 1285 4035; baseline 0.02 -45"><span class='ocrx_word' id='word_1_307' title='bbox 210 3929 361 4052; x_wconf 53' lang='lat' dir='ltr'><strong>imm?</strong></span> <span class='ocrx_word' id='word_1_308' title='bbox 381 3942 447 4010; x_wconf 68' lang='lat' dir='ltr'><strong>„d</strong></span> <span class='ocrx_word' id='word_1_309' title='bbox 449 3958 586 4035; x_wconf 51' lang='lat' dir='ltr'><strong>purtem</strong></span> <span class='ocrx_word' id='word_1_310' title='bbox 601 3967 672 4014; x_wconf 58' lang='lat' dir='ltr'><strong>flu,</strong></span> <span class='ocrx_word' id='word_1_311' title='bbox 692 3969 787 4032; x_wconf 61' lang='lat' dir='ltr'><strong>um,</strong></span> <span class='ocrx_word' id='word_1_312' title='bbox 815 3964 917 4034; x_wconf 74' lang='lat' dir='ltr'><strong>quam</strong></span> <span class='ocrx_word' id='word_1_313' title='bbox 931 3939 1034 4010; x_wconf 79' lang='lat' dir='ltr'><strong>modo</strong></span> <span class='ocrx_word' id='word_1_314' title='bbox 1056 3939 1253 4034; x_wconf 78' lang='lat' dir='ltr'><strong>tradiderat,</strong></span> <span class='ocrx_word' id='word_1_315' title='bbox 1282 3962 1285 3970; x_wconf 87' lang='grc'>’</span> 
     </span>
    </p>
   </div>
   <div class='ocr_carea' id='block_1_9' title="bbox 0 0 1413 4650">
    <p class='ocr_par' dir='ltr' id='par_1_10' title="bbox 0 0 1413 4650">
     <span class='ocr_line' id='line_1_38' title="bbox 0 0 1413 4650; baseline 0 0"><span class='ocrx_word' id='word_1_316' title='bbox 0 0 1413 4650; x_wconf 95' lang='lat' dir='ltr'><strong> </strong></span> 
     </span>
    </p>
   </div>
  </div>
 </body>
</html>
