2800 4650
194 203 258 286 488
398 181 458 294 ,”
521 205 581 277 1‘0·
605 221 720 291 niu,
752 203 906 317 ras-it·

81 437 84 444 .
199 369 264 470 que
277 379 379 450 haee:
395 373 466 450 -nisi
479 351 612 464 penitus
625 372 800 447 immutari
815 397 875 444 vos
888 365 1053 462 iiueritis,
1074 376 1250 452 transfor·

143 549 147 556 ,
179 481 352 580 'marique
368 470 404 550 ih
419 475 664 568 simplicitatem
680 501 719 543 ac
731 477 931 553 modestiam
946 479 1046 550 huius
1061 483 1176 570 pueri,
1198 507 1248 552 ne

169 611 174 621 ¹
200 582 291 650 ciues
305 581 440 669 quidem
456 579 552 664 regni
570 577 639 650 mei
662 601 732 646 esse
749 579 923 674 poteritis,
952 585 1079 654 nedum
1099 584 1249 674 dignita-

200 695 267 752 tem
282 685 500 776 praecipuam
512 683 549 751 in
562 705 602 750 eo
618 681 781 780 obtinere.
824 674 1090 752 Modestissimus
1104 690 1249 778 quisque

82 773 111 859 ¹,
201 786 370 856 maximus
387 783 452 852 erit
464 784 499 848 in
515 801 617 876 regno
635 805 724 850 meo.
768 786 902 855 Primus
921 784 957 866 iu
974 810 1014 852 eo
1036 789 1064 854 si
1084 789 1158 873 quis
1176 813 1251 858 esse

107 905 110 914 ·
201 878 378 984 voluerit,
398 897 589 980 postremus
611 886 655 952 ait
674 885 826 958 omnium
850 899 883 952 et
906 889 1059 958 minister
1080 887 1248 959 omnium.

103 4116 113 4151 b

201 989 312 1080 Atque
326 1012 368 1056 ex
384 990 436 1064 his
449 987 611 1062 ,omnibus
625 999 736 1082 patet,
758 988 940 1058 Dominum
958 1001 1101 1076 utraque
1117 990 1252 1062 actione

140 1141 144 1154 .
202 1091 394 1186 ¹symbolica,
416 1114 495 1160 cum
512 1103 546 1155 et
557 1089 659 1182 pedes
673 1089 803 1155 leuaret
816 1088 996 1178 discipulis,
1019 1104 1051 1156 et
1063 1095 1249 1182 puerulum

165 1207 168 1216 “
192 1193 281 1282 ‘ipsis
297 1193 455 1282 exemplo
471 1203 691 1286 proponeret,
713 1191 857 1262 voluisse
872 1189 955 1256 nihil
970 1192 1071 1274 aliud,
1094 1217 1196 1282 quam
1209 1207 1251 1265 vt

203 1297 328 1388 partim
353 1297 587 1378 dehortaretur
608 1293 786 1383 discipulos
808 1292 850 1359 ab
872 1295 966 1362 omni
987 1291 1093 1376 fastu,
1135 1297 1250 1364 ambi-
1305 1293 1311 1298 ’

203 1395 313 1477 tione,
335 1397 480 1480 inuidia,
510 1419 694 1482 rerumque
709 1407 922 1464 terrenarum
939 1396 1138 1486 cupiditate,
1149 1399 1152 1405 ’
1165 1423 1250 1490 par*

204 1499 268 1566 tim
284 1515 367 1566 vero
381 1513 419 1564 vt
436 1501 670 1570 cohortaretur
685 1519 741 1561 eos
762 1495 804 1560 ad
822 1495 1019 1568 modestiam
1031 1501 1069 1569 in
1084 1515 1251 1595 expeten-

203 1597 255 1668 dis
269 1599 454 1672 honoribus
468 1616 502 1668 et
517 1599 703 1670 commodis
717 1597 1007 1700 vitaehumanae,
1037 1600 1079 1666 ad
1096 1626 1249 1680 amorem

204 1713 366 1804 munium
390 1703 675 1796 humanitatisque
697 1699 805 1767 officia
826 1699 986 1789 quaeuis,
1021 1702 1084 1766 sibi
1103 1703 1250 1776 inuicem

180 1800 424 1894 praestanda,
453 1803 485 1873 ¹et
498 1807 539 1873 ad
551 1803 703 1872 studium
723 1802 870 1870 militatis
890 1803 1044 1893 publicae
1060 1829 1138 1876 cum
1161 1831 1250 1880 cou-

192 1915 416 1984 'temtulauae
432 1908 595 2010 ipsorum.
617 1913 620 1918 “
641 1909 705 1975 Cui
730 1903 951 1972 admonitioni
972 1907 1000 1972 si
1021 1931 1150 1980 morem
1173 1931 1250 1998 ges-

205 2007 323 2080 sissent
339 2000 512 2104 discipuli,
534 2021 609 2080 tum
626 2011 781 2090 demum,
803 2007 869 2087 ait,
892 2029 947 2077 eoa
960 2007 1092 2076 futuros
1106 2036 1176 2080 esse
1193 2014 1251 2081 di.

141 2153 142 2160 κ
203 2131 287 2203 gnos
304 2113 430 2178 ciuium
443 2135 582 2178 suorum
597 2114 751 2190 nomine,
773 2123 807 2177 et
818 2110 945 2176 beatos.

229 2214 231 2222 '
291 2213 357 2284 Sed
372 2216 457 2280 haee
472 2213 643 2282 beatitudo
658 2237 727 2280 non
749 2225 821 2280 erat
835 2213 1075 2302 discipulorum
1095 2218 1253 2290 omniurn

136 2362 139 2379 .
203 2313 329 2383 futura.
375 2315 525 2385 Subiecit
546 2317 636 2383 enim
656 2315 826 2411 Dominus
845 2315 947 2382 haece
976 2342 1042 2382 noo
1064 2317 1138 2385 dico
1161 2319 1249 2391 hoec

203 2418 242 2485 io
257 2429 314 2484 voa
330 2442 462 2499 omnes5
479 2418 586 2511 probe
599 2422 684 2494 scio,
709 2444 789 2511 qnos
812 2432 846 2485 et
867 2420 982 2509 questas
1004 2420 1090 2485 mibi
1110 2414 1251 2490 comites

205 2518 391 2614 delegerim
398 2546 410 2601 ς
437 2520 500 2587 sect
511 2522 621 2588 locum
633 2520 734 2591 tutet
748 2518 803 2594 id,
827 2520 918 2611 quod
929 2534 979 2589 est
995 2524 1031 2589 in
1045 2521 1252 2612 Scripturist

119 2647 122 2657 ¹
172 2624 376 2695 ’toouictor
398 2616 493 2695 meus'
513 2624 677 2699 aduersam
698 2648 753 2691 me
770 2624 937 2692 calcitrat.
980 2624 1097 2713 Itaque
1115 2647 1185 2689 non
1208 2626 1251 2691 de

204 2724 360 2795 omnibus
375 2724 459 2789 bene
471 2726 628 2818 sperabat
643 2712 829 2822 Dominus,
859 2749 941 2814 quos
956 2726 1150 2815 disciplinae
1170 2750 1251 2793 suae

204 2829 359 2894 alumnos
380 2827 551 2923 ⁵elegissem
584 2828 672 2897 hanc
703 2829 793 2911 enim
820 2826 1097 2914 significationem
1122 2829 1251 2897 habere
1363 2886 1367 2894 ,

80 2974 86 2989 -
181 3022 183 3027 Ι
203 2930 349 2999 verbum
361 2934 489 3017 ἐκλέγειν
504 2931 568 2999 hoc
580 2932 672 3012 loco,
693 2941 735 2995 vt
752 2930 833 3019 Cap.
854 2930 925 3015 VI,
945 2952 998 3014 7⁰·
1020 2929 1105 3013 XV,
1129 2934 1248 3023 16.19.

203 3032 304 3098 estin
317 3045 465 3122 promtu.
518 3034 668 3115 Nouerat
689 3034 796 3115 enirn,
826 3052 893 3117 quo
916 3032 1058 3124 quisque
1077 3034 1114 3099 iu
1136 3034 1274 3123 ipsum.

202 3147 289 3201 esset
303 3136 433 3217 animo,
456 3146 556 3223 atque
578 3136 648 3201 iam
669 3156 788 3222 supra,
807 3156 892 3202 vers.
913 3152 962 3197 10.
983 3132 1162 3217 innuerat,
1189 3158 1249 3204 eos

183 3256 274 3327 ¹uqn
288 3260 405 3303 omnes
417 3260 520 3327 puros
535 3260 605 3303 esse
622 3249 656 3304 ct
674 3237 837 3316 insontes,
866 3232 933 3303 boc
956 3238 1031 3305 ioco
1053 3250 1165 3303 autem
1192 3238 1249 3303 di..

117 3414 128 3425 ⁵
143 3418 145 3425 y
202 3350 291 3405 serta
306 3338 486 3427 significat,
507 3340 598 3407 inter
612 3338 673 3405 hos
688 3340 778 3427 ipsos
795 3339 866 3405 eius
879 3335 1064 3406 familiares
1079 3350 1112 3403 et
1123 3340 1249 3415 amicos

203 3462 274 3507 esse
298 3442 463 3528 aliquem,
493 3441 556 3534 ipsi
575 3440 659 3507 adeo
680 3440 879 3527 inimicum3
914 3442 948 3509 id
973 3443 1063 3509 enim
1085 3440 1250 3508 denotant

201 3542 324 3609 verba:
354 3544 373 3612 ὅ
385 3542 509 3633 τρώγων
530 3542 594 3629 μετ’
616 3542 689 3627 ἐμοῦ
707 3540 763 3609 eds
784 3545 892 3633 ἄρτον,
913 3548 1025 3641 ἐπῇρεν
1043 3540 1091 3611 ἐπ’
1114 3548 1168 3631 ἐμὲ
1189 3545 1249 3626 ”it

200 3648 331 3731 πτέρναν
344 3644 447 3715 αὐτοῦ.
486 3646 570 3713 Erat
586 3644 677 3711 enim
693 3645 784 3733 apud
801 3659 915 3736 gentes
930 3644 1174 3733 antiquissimas
1190 3670 1249 3713 sa·

201 3760 297 3813 erum
313 3750 477 3823 amicitiae
493 3748 632 3838 pignus,
655 3768 797 3814 coenam
810 3770 928 3837 capere
943 3738 1020 3815 oum
1036 3746 1170 3837 aliquo,
1193 3750 1251 3816 ni-

200 3844 249 3913 hil
276 3868 358 3912 vero
384 3848 485 3913 etiarn
508 3846 659 3935 turpius,
699 3870 804 3934 quam
828 3850 957 3929 xviolare
980 3870 1055 3931 cos,
1099 3840 1249 3939 quorum

197 3970 315 4014 mensa
330 3970 408 4014 vaus
423 3950 534 4018 suerat
552 3948 701 4036 aliquiss
715 3950 758 4015 de
774 3973 843 4040 quo
862 3950 971 4053 videri
983 3964 1127 4043 possunt
1140 3954 1250 4024 inter,
