2800 4650
168 281 232 349 568
522 296 583 378 ¹9·
605 290 685 369 ιγ,
713 272 767 343 ss.
787 266 841 339 sd.
879 355 884 371 „

170 456 203 523 N
203 476 248 522 ou
261 448 491 541 agnoscebant,
509 448 591 539 'quia
602 460 779 541 agnoscere
792 442 961 513 uolebant.
1005 441 1123 531 Quare
1136 456 1216 513 non

172 558 359 637 habebant,
381 576 448 641 quo
462 574 625 623 excusare
641 562 780 643 possent
792 546 1165 635 suam'improbitatem.
1224 563 1231 574 ·

157 728 160 739 ,
259 662 317 729 Me
334 656 393 747 qui
414 666 631 743 soporantur,
654 662 857 743 aspernatur
877 650 1038 728 Patrem
1065 648 1098 715 id
1119 648 1212 713 enim

175 760 310 833 denotat
325 756 468 825 verbum
480 761 587 843 μισεῖν.
629 756 752 823 Denuo
766 752 810 821 ad
824 754 959 822 Patrem
973 748 1079 820 refert
1088 750 1214 817 Domi-

81 879 84 884 ’
175 884 257 943 nus,
294 857 451 949 quicquid
470 860 674 927 iniuriisrum
696 856 857 928 afferatur
877 856 940 945 iqsi
959 853 1006 921 ab
1021 852 1105 921 aliis.
1152 853 1215 919 Me

175 963 319 1050 quinon
339 972 454 1042 asnat5
469 984 533 1028 nee
552 962 688 1028 Patrem
708 971 818 1042 amat,
845 957 984 1043 eiusque
1003 954 1138 1023 consilia
1156 977 1215 1021 aa·

175 1062 387 1153 pientissima
396 1076 429 1128 et
442 1062 671 1131 saluberrima.
713 1062 771 1129 Me
792 1062 852 1148 qui
871 1080 941 1148 neq
954 1057 1050 1141 nolit,
1071 1080 1132 1124 nee
1144 1056 1216 1137 Pau

178 1162 269 1233 trem
288 1165 378 1231 colit.
420 1167 476 1233 Me
497 1164 556 1251 qui
576 1163 749 1253 mpudiat,
769 1161 932 1252 repudiat·
945 1162 1100 1242 Patrem,
1120 1158 1215 1225 ouius

177 1268 374 1347 auctoritate
386 1269 518 1353 loquor,
538 1266 769 1353 quaeloquor,
783 1264 886 1331 euius
898 1264 991 1331 iussu
1001 1259 1099 1342 fecie,
1119 1260 1217 1347 quio·

155 1369 256 1459 'quid
274 1368 370 1439 facio.
412 1370 523 1435 Tanta
533 1367 656 1435 fiducia
668 1366 871 1455 loquebatur
881 1364 1048 1436 Dominus
1059 1363 1102 1430 de
1113 1386 1217 1452 opere

177 1496 256 1555 sno,
277 1468 579 1556 tanquamPatris,
601 1470 748 1557 adeoque
763 1469 865 1557 plane
881 1466 1014 1533 diuino!
1034 1467 1085 1535 Ac
1100 1477 1216 1535 unto-
1299 1523 1302 1531 ,

178 1593 260 1661 pere
271 1582 410 1660 peccant
430 1570 467 1635 in
479 1570 665 1637 Dominum
685 1594 757 1645 nou
777 1580 927 1654 numm,
956 1590 1076 1637 verum
1093 1566 1132 1635 iu
1149 1568 1216 1635 Pa·

178 1685 297 1757 trem„
307 1672 365 1759 qui
378 1672 489 1739 Iesum
504 1676 740 1755 contemnunt!
1195 1668 1199 1672 ’
1227 1730 1231 1735 .

199 1826 202 1835 .
260 1772 370 1843 Porr'o
385 1774 454 1841 nisi
467 1776 636 1844 miracula
652 1776 831 1845 edidissem
841 1778 931 1845 inser
945 1799 1010 1857 eos,
1029 1774 1217 1842 mmet

114 1915 118 1923 v
180 1898 277 1945 nemo
295 1899 443 1964 unquam
458 1877 582 1953 edidit.
605 1877 823 1948 minor⁴esset
843 1902 959 1945 eorum
979 1878 1099 1968 culpas
1127 1900 1216 1945 nunc

180 1976 258 2045 ssim
276 2003 317 2046 eu
331 1980 477 2047 viderint
491 1981 558 2047 assis
573 1980 696 2055 erulis,
725 1992 888 2048 ettamen
898 1982 1073 2068 aspernati
1079 1976 1229 2070 fsoerim'

179 2104 233 2170 me
255 2104 432 2175 nsemnque
450 2080 608 2176 Betretn,
634 2082 740 2171 plesse
763 2094 842 2149 ssmt
856 2082 1110 2151 isoesesabs'tss.
1154 2082 1218 2151 flio

20 2194 23 2201 '
96 2242 100 2258 .
134 2180 140 2189 ⁸
180 2208 273 2255 nouo
286 2194 486 2273 argumente
499 2183 705 2261 demonstrat
717 2185 884 2253 Dominus
895 2182 1143 2273 improbitatem
1155 2186 1223 2249 Iu-

181 2286 355 2356 danorum.
403 2286 442 2352 In
459 2284 727 2352 antecedentibus
741 2285 891 2370 dixerat,
918 2309 955 2353 se
966 2285 1092 2352 senine
1103 2286 1141 2352 in
1156 2286 1220 2354 has

53 2391 57 2400 '
130 2399 304 2472 aeternas,
326 2387 447 2454 vixisse
462 2385 550 2452 inter
561 2385 700 2468 Iudaeos
716 2390 935 2470 conuenisse,
961 2400 1063 2474 atque
1076 2398 1221 2458 tentasse

182 2491 316 2574 omnio,
337 2511 423 2576 quae
439 2511 493 2553 eos
507 2502 642 2578 possent
657 2491 823 2560 adducere
836 2491 879 2557 ad
894 2489 995 2558 iidem
1009 2501 1044 2556 st
1059 2511 1220 2558 reuomre

180 2591 387 2659 adurentem
401 2589 586 2658 meliorem.
641 2592 703 2668 Hio
725 2594 767 2660 ad
781 2594 947 2660 miracula
960 2613 1023 2659 sua
1038 2605 1220 2680 prouoeat5

181 2695 264 2762 baec
286 2691 376 2760 enim
400 2693 471 2758 sine
488 2694 581 2760 omni
602 2693 808 2771 dubitatione
829 2693 1044 2782 intelligenda
1063 2708 1143 2763 sunt
1158 2719 1220 2785 pes·

181 2795 223 2865 soi
244 2795 329 2884 ἔργα.
387 2793 470 2872 Inde
493 2817 575 2880 vero
595 2807 686 2884 patet
710 2795 903 2878 euidenter,
929 2819 999 2868 non
1018 2797 1120 2864 modo
1141 2817 1222 2866 vem

181 2897 320 2966 edidisse
338 2897 523 2964 Dominum
544 2896 723 2980 miracula,
756 2909 794 2964 et
812 2897 966 2988 quidem,
1002 2902 1041 2964 vt
1060 2897 1126 2964 hoc
1146 2899 1221 2966 tooo

181 3000 306 3066 diserte
322 2999 415 3086 dinit,
439 3011 496 3080 ‚tot
513 3003 552 3066 ad
568 3011 675 3082 tanta,
703 3013 786 3088 quot
807 3013 841 3068 et
860 3011 986 3089 quanta
1005 3010 1084 3067 ante
1107 2999 1222 3090 ipsum

180 3101 335 3169 omnium
350 3103 595 3191 prophetarum
611 3103 725 3168 nullus
746 3125 897 3192 unquam
913 3102 1073 3184 ediderit,
1099 3124 1223 3170 versun

180 3203 283 3270 etiam
305 3205 468 3272 miracula
483 3203 554 3272 eius
575 3201 730 3270 habuisse
745 3204 921 3272 eonsilium
942 3203 1224 3294 sapientissimum
1255 3262 1261 3274 ,

74 3365 79 3374 .
181 3306 268 3389 boc,
297 3319 354 3390 vt,
382 3309 573 3396 quicunque
597 3327 641 3398 ea}
664 3305 808 3374 videndi
822 3306 1030 3384 secesionem
1049 3308 1221 3386 monent,

139 3458 143 3470 .
180 3407 395 3478 allicerentur
407 3411 449 3504 ad
467 3431 546 3476 eum
562 3406 768 3476 audiendum
790 3422 825 3474 et
849 3411 1116 3500 suscipiendum,
1143 3409 1221 3474 tan-

180 3531 285 3598 quam
306 3510 469 3596 legatum,
498 3507 603 3578 aDeo
627 3511 784 3595 missum,
806 3521 840 3600 et
860 3513 1057 3585 austeritate
1075 3511 1220 3576 virtate-

66 3662 69 3670 .
180 3633 247 3702 que
266 3609 381 3678 diuina
393 3625 558 3698 agentem.
587 3613 684 3706 Cous.
704 3611 785 3702 Cep.
801 3613 854 3693 ll,
873 3611 926 3680 23.
940 3614 994 3681 24.
1021 3608 1067 3696 V,
1090 3609 1141 3676 56·
1170 3605 1220 3691 X,

182 3711 236 3780 58.
265 3711 368 3794 XIV,
388 3737 436 3780 ss.
477 3714 584 3782 Huius
605 3713 828 3804 improbitatis
845 3714 1049 3802 Iudaeorum
1069 3710 1220 3780 mentio-
1284 3757 1297 3770 -

180 3835 261 3879 nem
276 3811 356 3881 fecit
368 3815 535 3882 Dominus
559 3839 628 3884 non
648 3817 718 3883 sine
739 3840 855 3902 causa,
881 3817 941 3884 aed
964 3831 1005 3884 vt
1024 3804 1223 3895 ostenderet,

182 3915 254 4000 eius
276 3917 409 4002 culpam
430 3917 748 4006 quaerendamesse
768 3921 865 3988 vniee
887 3919 925 3986 in
945 3916 1093 4000 Iudaeis,
1121 3927 1224 4004 atque

137 4017 139 4022 ’
182 4030 221 4108 vt
254 4030 408 4087 moneret
434 4019 632 4110 discipulos,
672 4023 958 4108 quemadmodem
990 4017 1072 4088 tecit
1101 4018 1225 4102 sunm,
1291 4086 1298 4104 ,
1361 4093 1366 4100 .
