2800 4650
185 231 248 300 406
323 267 330 276 -
577 242 728 313 10.x1,
751 222 790 324 ’4.
813 223 848 296 5.

276 401 350 486 Quo
362 387 499 478 andito,
523 399 811 492 responderimus
827 397 970 482 nuncio‘,
991 396 1152 488 iubetque
1168 425 1228 470 re·
1269 411 1277 414 ’

191 505 349 574 nunciari
358 505 541 586 sororibus,
564 505 716 598 psorbnm
729 507 819 575 bone
835 528 903 571 non
919 529 989 572 esse
1002 505 1229 596 mortiferum,

193 610 249 675 sed
266 609 465 697 permissum
480 608 660 690 diuinitus,
682 621 719 674 ot
733 632 794 698 per
806 607 877 671 eius
897 606 1100 676 occasionem
1115 607 1232 702 gloria

195 706 265 778 Dei
279 711 479 792 illustretur,
502 725 536 780 et
548 709 661 806 Filios
677 707 747 778 Dei
759 703 980 803 glorificetur.
1025 707 1119 777 Hanc
1131 713 1234 798 igitur

195 815 450 902 responsionem
476 815 567 882 dedit
589 812 756 886 Dominus
779 813 869 880 bantl
896 814 997 880 dubie
1013 814 1155 896 nuncio,
1194 827 1235 881 vt

196 927 738 986 nOlal'lmlCHRYSOSTOMvVS
760 928 793 984 Ol
807 937 1236 1000 THEOPRYLACTVS,

115 1061 117 1075 ·
196 1040 299 1106 quam
314 1017 456 1092 referret
477 1021 649 1092 sororibus
669 1020 707 1089 in
729 1041 846 1086 earum
866 1019 1032 1088 solatium.
1075 1019 1240 1092 Morbum
1277 1030 1280 1033 '

197 1133 313 1188 autem
329 1123 412 1188 dixit
433 1143 501 1186 non
516 1145 586 1190 esse
602 1119 679 1206 πρός
695 1121 845 1200 θάνατον,
873 1122 1118 1213 periculosum,
1148 1120 1238 1188 fata*

197 1221 285 1305 lem,
308 1223 500 1312 capitalem,
521 1234 668 1294 inertem
691 1239 782 1296 corto
803 1225 1010 1292 afferentem.
1053 1227 1123 1297 lam
1143 1249 1240 1292 mor·
1295 1308 1298 1312 ι

196 1321 387 1395 busLazari
402 1349 480 1394 cum
494 1349 574 1394 vere
589 1331 664 1396 talis
681 1325 801 1416 suerit,
823 1329 883 1415 qui
898 1337 1043 1396 mortem
1059 1329 1123 1417 ipsi
1138 1329 1242 1396 affer«

199 1433 282 1510 rats
292 1427 496 1513 Dominum,
526 1437 636 1523 petet,
656 1433 810 1502 locutum
833 1453 903 1497 esse
919 1427 1170 1515 subobscurius,
1201 1445 1244 1510 vt

200 1529 316 1598 facere
338 1533 373 1600 in
390 1533 570 1623 ‚eiusmodi
596 1534 705 1604 causis
731 1535 876 1614 solebat,
907 1545 1010 1622 atque
1040 1533 1245 1603 intellexisse

203 1647 351 1704 mortem
365 1639 482 1720 talem,
513 1639 618 1724 qualis
631 1637 731 1726 vulgo
747 1638 830 1702 solet
846 1657 933 1716 esse,
956 1660 1057 1724 quam
1077 1641 1172 1707 nulla
1190 1640 1244 1706 vis

204 1741 358 1809 humana
372 1741 554 1831 impedire,
583 1737 693 1830 neque
708 1745 750 1805 eir
765 1763 804 1806 ea
817 1738 960 1805 liberare
972 1753 1100 1828 potest,
1122 1743 1246 1810 simul„

205 1857 274 1930 'quc
293 1869 387 1936 spem
412 1841 522 1909 facere
542 1844 706 1926 voluisse,-
734 1842 827 1928 lore,
857 1853 914 1923 vt,
945 1844 1006 1908 etsi
1029 1867 1105 1910 eam
1117 1841 1246 1930 obiret,

189 1955 320 2014 ,tamen
333 1947 515 2014 suscitetm
525 1945 563 2012 in
576 1947 698 2028 vitam,
719 1945 872 2033 adeoque
885 1970 978 2012 more
992 1949 1063 2042 eius
1078 1970 1141 2037 pro
1154 1949 1248 2018 nulla

140 2035 146 2042 ’
204 2047 359 2116 habenda
374 2051 426 2122 sit,
467 2050 564 2116 Dixit
578 2073 690 2140 porro,
714 2047 898 2116 mor'bum
887 2063 991 2115 rstum
1006 2072 1076 2114 non
1092 2051 1249 2134 accidisse

206 2175 303 2234 casu,
332 2153 390 2220 sed
414 2153 578 2242 dirigente
600 2153 760 2242 peculiari
782 2151 996 2240 prouidentia
1017 2127 1147 2236 diuina,
1183 2153 1250 2227 hoo

207 2255 351 2345 quidem
360 2255 448 2340 line,
469 2267 505 2321 vt
526 2279 588 2345 per
604 2277 683 2329 eum
705 2255 892 2321 illustretur
913 2253 1019 2341 gloria
1041 2267 1074 2320 et
1095 2255 1251 2330 maiestas

207 2358 314 2426 Patris
329 2381 447 2445 aeque
448 2382 486 2423 ac
499 2358 585 2425 Filii.
629 2356 674 2428 Et
695 2358 802 2445 gloria
816 2356 925 2422 Patris
949 2340 1083 2446 quidem
1098 2360 1252 2427 illustra-

207 2458 326 2539 batur,
356 2460 439 2525 dum
461 2460 553 2525 hunc
574 2458 734 2525 morbum
760 2460 927 2547 permisit,
949 2457 1006 2525 sed
1025 2486 1089 2549 pro
1112 2487 1172 2531 sne
1195 2488 1253 2530 sa·

209 2562 336 2655 pientia
354 2568 393 2630 ac'
414 2549 618 2647 benignitate
638 2564 675 2629 in
704 2566 846 2629 salutem
868 2562 989 2630 Lazari
1009 2577 1042 2629 et
1064 2567 1253 2644 multorum
1365 2553 1369 2559 ⁵

209 2667 356 2735 aliorum
370 2664 472 2730 vertit
480 2689 491 2747 3
513 2664 591 2734 Filii
604 2676 738 2784 autem,
760 2664 918 2739 durusne
932 2668 968 2738 vi
983 2672 1083 2757 atque
1096 2670 1255 2760 omnipo·

162 2822 172 2839 .
211 2770 535 2838 tentiaLazarurne
558 2769 729 2841 mortain
749 2768 856 2835 vitam
874 2772 1060 2848 reuocauit,
1104 2773 1201 2842 Vnde
1222 2776 1256 2852 e't

210 2872 296 2939 illud
313 2884 413 2963 patet,
428 2870 637 2939 Dominum
628 2892 695 2935 ram
711 2882 784 2939 turn
792 2879 886 2935 certo
903 2874 1075 2991 cognitum
1088 2874 1257 2963 habuisse,

110 3048 112 3051 v
212 2954 405 3045 Lazarum
396 2975 499 3063 ipsius
516 2973 675 3039 beneficio
690 2972 1011 3045 vitaerestitutnm
1000 2976 1053 3046 ιιι.
1105 2978 1258 3063 Denique
1322 2969 1325 2972 ¹

213 3102 249 3145 se
273 3077 455 3168 appellauit
475 3076 599 3143 Filium
612 3075 692 3157 Dei,
717 3074 959 3163 coniunxitque
982 3078 1123 3167 gloriam
1147 3079 1258 3145 Patris

214 3194 248 3249 ct
270 3184 411 3269 glor-iam
435 3204 543 3250 suam.
587 3179 654 3251 vbi
675 3177 882 3271 glorificatur
902 3176 1024 3267 Filius,
1050 3178 1258 3275 glorificetur

214 3309 349 3376 qnoque
363 3286 473 3353 Pater.

303 3391 395 3457 lesns
415 3402 528 3470 nectent
550 3384 678 3479 insigni
703 3380 829 3473 sonore
851 3384 1131 3471 complectebatur
1153 3386 1259 3472 Mar-

217 3492 313 3560 tltnm
329 3494 462 3581 eiusque
476 3492 625 3556 sororem
640 3498 672 3554 et
682 3484 866 3553 lazarum
904 3488 977 3555 Hoc
994 3511 1061 3554 ιιοιι
1074 3486 1146 3552 sine
1159 3510 1261 3557 cansa

141 3676 146 3684 ,
217 3594 355 3661 subiecit
372 3596 529 3672 loannes,
551 3592 608 3657 sed
630 3588 934 3677 rtintclligeretnr,
955 3590 1119 3681 primum,
1142 3590 1261 3679 singn-

192 3710 206 3725 ‘
218 3700 281 3766 lari
299 3698 505 3815 prouidentia
525 3696 639 3762 diuina
652 3690 779 3758 factum
795 3716 882 3775 esse,
910 3706 950 3760 vt
971 3694 1069 3758 ctiam
1084 3691 1113 3758 is
1123 3715 1259 3782 ‚quem

220 3802 462 3919 maximopere
471 3784 622 3889 diligeret
644 3794 828 3872 Dominus,
864 3795 901 3890 in
922 3794 1078 3861 morbum
1099 3795 1261 3863 incideret

222 3918 320 3988 atque
335 3931 352 3969 e
356 3904 434 3968 tiam
450 3906 484 3971 in
502 3915 663 3981 mortem,
693 3921 840 3985 eumque
853 3880 1001 3964 amantes
1017 3897 1259 3971 calamitatibus

223 4008 450 4098 affligerentur
469 4006 540 4076 in
529 4028 678 4097 ipsorum
708 4000 920 4119 aliorumque
939 4003 1085 4075 salutern
1090 4027 1105 4089 3
1141 3996 1260 4073 deinde
