2800 4650
218 168 280 240 ψ
617 123 681 223 :10-
703 142 770 225 Vt,
796 138 848 234 ξιξ
902 120 905 127 ⁴

189 309 591 405 enumquam,
619 308 679 399 qui
690 290 792 377 esta
807 328 886 379 cum
902 309 1100 379 amomo
1116 310 1257 381 usin.

217 422 346 493 oeruire
357 408 484 499 studet,
503 414 542 481 in
552 410 670 503 primis
684 412 788 481 etiam
802 412 1060 481 incitamentum
1072 416 1256 483 sanctitatis

216 524 462 615 grauissimum.
505 514 572 584 sed
587 538 630 581 ex
645 514 701 580 his
718 514 883 603 fructibus
905 515 941 581 in
960 516 1027 583 hoc
1047 517 1122 583 loco
1145 518 1257 583 nullus

216 632 523 701 commemoratum
564 629 847 686 commemoratur
872 630 987 683 autem
1019 617 1120 701 alius,
1162 619 1256 705 isque

160 782 166 804 ,
216 748 324 809 vnus,
345 722 462 801 saltem
473 718 675 809 primarius,
694 720 819 787 scilicet
832 719 893 800 ιωὴ
907 718 1045 798 αἰώνιος,
1072 742 1175 808 quam
1195 740 1256 785 sna

217 841 329 898 morte
340 823 533 893 hominibus
544 821 749 913 impetrauit.
769 822 868 892 Vnde
882 834 917 889 et
928 823 1011 889 illud
1023 832 1125 911 patet,
1148 844 1258 911 quae-

217 954 299 999 nam
314 929 357 993 sit
370 949 452 992 vera
467 924 559 990 notio
574 923 653 991 fidei
662 923 837 1005 salutaris}
857 924 981 991 scilicet
1001 946 1061 1006 ea,
1091 946 1168 990 cum
1190 946 1257 989 no-

156 1092 162 1099 ,
217 1034 269 1101 bis
283 1014 479 1121 pnuuasuin
492 1036 558 1108 eat,
588 1023 699 1091 lesum
714 1048 774 1092 sua
788 1039 899 1093 morte
914 1025 1128 1113 acquisiuissc
1142 1026 1258 1093 homi·

217 1135 317 1207 nibus
332 1130 435 1199 vitm
450 1138 640 1207 aeternam,
670 1126 823 1217 hancque
838 1129 944 1195 vitam
965 1122 1008 1193 ab
1031 1151 1071 1193 eo
1093 1141 1257 1215 tanquam

182 1282 186 1287 ι
217 1249 354 1305 auctore
367 1229 553 1319 expetimus
566 1240 598 1293 et
615 1240 856 1318 exspectamus.

305 1334 370 1404 Sed
393 1332 520 1399 mirum
539 1328 649 1397 videri
671 1341 794 1418 potest,
824 1332 1011 1401 Dominum
1033 1332 1071 1399 in
1094 1334 1257 1401 tradendo

216 1437 282 1509 hoc
297 1432 403 1525 capite
418 1430 586 1499 doctrinae
605 1432 765 1520 primario
782 1426 823 1497 tle
838 1435 972 1501 consilio
991 1447 1024 1501 et
1038 1458 1138 1501 causa
1157 1458 1255 1502 mor-

217 1542 260 1609 tis
276 1560 367 1620 suae,
388 1536 536 1621 itemque
551 1536 592 1600 de
606 1533 709 1599 modo
723 1530 836 1601 salutis
852 1538 1022 1615 tenendae,
1043 1559 1140 1605 veum
1154 1537 1258 1605 fuisse

218 1643 363 1731 dictione
386 1637 532 1725 tropica,
568 1658 655 1724 quae
677 1629 774 1701 uobis
793 1658 900 1725 aeque
923 1636 1007 1703 dura
1029 1651 1064 1705 et
1083 1640 1255 1707 intellectu

219 1724 360 1815 difficilis
382 1738 515 1807 videtur
535 1761 620 1821 esse,
650 1760 689 1803 ac
709 1730 777 1803 fuit
795 1738 909 1803 olim
899 1760 1011 1827 ipsum
1034 1740 1253 1815 audientibus.

143 1914 151 1938 ,
217 1844 311 1917 Fecit
325 1853 438 1910 autem
455 1840 592 1907 consilio
605 1837 866 1927 sapientissimo,
894 1844 1022 1931 partim
1037 1855 1075 1908 ιι
1091 1843 1258 1909 excitaret

218 1937 453 2017 audientium
443 1943 577 2030 ingenia
591 1952 624 2006 et
636 1940 680 2007 ad
692 1928 886 2011 vlteriorcm
903 1946 1126 2060 cognitionem
1137 1942 1254 2042 allice-
1255 1982 1261 1991 ·

162 2102 167 2109 .
217 2065 273 2122 ret
296 2059 335 2114 sc
351 2055 582 2137 praepararet,
616 2041 749 2131 partim
764 2056 803 2107 vt
825 2036 1042 2113 imbecillitati
1063 2048 1256 2115 animorum

173 2200 179 2209 .
216 2150 412 2231 insaniret,
442 2138 658 2236 propriorum
680 2142 864 2211 verborum
881 2148 1161 2246 perspicuitatem
1179 2161 1255 2217 tuns

218 2280 281 2323 nec
294 2276 356 2344 per
349 2240 519 2329 mittenti
540 2270 601 2311 nec
615 2241 770 2336 capienti.
812 2243 889 2317 Non
903 2249 1093 2339 ignorabat,
1114 2248 1255 2317 Iudaeos

98 2340 102 2353 ³
217 2351 275 2423 illo
290 2367 442 2440 ternpore
455 2296 579 2416 hoium
593 2367 788 2417 sermonum
802 2351 872 2418 vim
884 2373 953 2418 non
966 2352 1167 2442 intelligere,
1189 2377 1255 2420 nec

216 2455 402 2541 intelligere
415 2473 526 2541 posse3
557 2472 665 2536 neque
689 2463 802 2518 tamen
821 2451 921 2519 etiam
945 2449 1127 2542 nesciebat,
1156 2449 1254 2522 sutu-

217 2583 298 2628 rum
316 2577 403 2635 esse,
432 2565 473 2618 vt
492 2551 574 2618 haec
594 2551 721 2618 semina
742 2547 931 2639 doctrinae,
959 2551 1109 2646 mysterii
1129 2555 1255 2646 aliquid

131 2737 135 2746 Ι
217 2657 389 2743 habentis,
412 2649 567 2721 condita'
556 2678 594 2720 ιιι
606 2645 726 2719 animis
744 2647 837 2722 bonis
854 2670 887 2723 et
908 2651 1062 2743 sinceris,
1092 2683 1255 2728 enascan-

216 2775 276 2833 tur
289 2756 371 2828 olim
384 2770 418 2824 et
439 2751 589 2824 frucmm
609 2756 782 2844 copiosum
802 2757 986 2849 proferant.
961 2757 1149 2832 tverbis
1170 2785 1254 2852 pro·
1317 2792 1322 2802 ·

216 2863 302 2960 priis
315 2876 349 2929 et
361 2859 542 2951 perspicuis
557 2859 609 2935 vti
622 2855 657 2926 in
672 2859 735 2926 bac
757 2883 796 2926 re
820 2859 907 2954 apud
923 2863 997 2930 illos
1011 2858 1164 2932 homines
1179 2863 1255 2932 Do·

217 2961 332 3036 minus
346 2983 409 3030 neu
421 2975 567 3054 poterat,
589 2960 714 3053 quippe
735 2987 793 3051 qur
785 2959 959 3054 occupati
975 2981 1071 3034 erant
1088 2967 1257 3058 opinioni-

216 3062 281 3136 bus
295 3066 559 3158 praeconceptis,
587 3077 621 3130 et
633 3063 718 3130 nihil
731 3059 843 3130 minu's
859 3068 1125 3155 augurabantur,
1152 3089 1254 3158 quam

192 3164 299 3256 'hoo,
334 3165 491 3234 Messinm
512 3167 717 3234 moriturum
743 3193 811 3236 esse
837 3191 901 3256 pro
931 3171 1124 3238 redimenda
1150 3167 1252 3234 totius

138 3315 156 3325 -
216 3271 338 3344 mundi
356 3269 445 3351 vita,
466 3290 529 3334 nec
549 3265 707 3354 debebat,
737 3264 894 3357 qnoniam
919 3272 1053 3340 diuinae
1074 3267 1253 3360 sapientiae

217 3375 360 3468 placuit,
381 3381 421 3437 vt
438 3392 531 3437 mora
551 3366 703 3439 Domini
709 3373 875 3440 accideret
894 3369 1088 3439 interuentu
1108 3368 1253 3438 Iudaeo-

215 3499 309 3545 rum
352 3466 440 3542 tte
428 3493 501 3589 rpsa
514 3468 687 3539 interdum
703 3477 851 3565 postulat
863 3497 1054 3576 sermonem
1071 3473 1172 3563 paulo
1187 3467 1253 3538 ob-

145 3598 149 3606 ’
216 3578 421 3657 sennonem,
441 3569 470 3639 ιι
484 3573 593 3638 estita
608 3581 819 3664 comparata,
847 3585 887 3644 ιι
908 3601 983 3646 eam
968 3566 1132 3642 silentio
1148 3597 1254 3690 prae-

189 3662 194 3677 *
218 3671 320 3748 terite
334 3673 428 3746 nullo
443 3673 549 3742 modo
557 3671 683 3792 possis,
712 3701 823 3772 neque
836 3687 950 3748 tamen
966 3677 1065 3748 etiam
1076 3675 1253 3766 perspicue

220 3779 395 3872 explicare.
450 3777 490 3844 In
508 3771 706 3852 uniuersum
725 3779 888 3852 Dominus
910 3779 965 3850 hic
988 3784 1117 3849 locutus
1139 3792 1189 3846 est
1210 3777 1254 3846 de

192 3974 195 3978 Δ
218 3882 319 3956 rebus
335 3877 479 3983 futuris,
498 3887 536 3950 vt
549 3879 695 3973 vates,
684 3903 722 3954 ιιι
734 3880 896 4002 vaticiniis
920 3893 1033 3998 autem
1046 3905 1116 3951 non
1130 3901 1254 3971 exspe-
