2800 4650
546 229 605 285 10·
625 230 695 300 VI,
727 212 782 283 5ῑὲ
838 264 848 273 ·
1111 240 1173 313 271

137 382 216 457 sed:
245 375 285 471 ἢν
301 384 361 475 ipsi
377 382 481 468 tisicus,
509 384 633 453 scilicet
652 388 699 465 sis
718 382 874 471 sitnm
899 404 1021 481 corpus
1043 366 1179 475 Christi,

107 578 112 585 .
135 493 242 570 morti
262 491 484 573 tradendum,
504 489 594 574 sine,
622 488 715 575 quod
736 488 829 557 idem
853 504 917 575 est,
945 516 1037 561 mors
1057 496 1180 565 Christi

136 607 293 663 cruento.
343 594 558 683 Hoclcorpns
579 589 737 675 tradidit,
762 590 850 659 hunc
873 606 1019 663 mortem
1041 592 1181 688 oppetiit

136 702 218 785 ὑπὲρ
233 699 288 778 τῆς
300 698 356 767 τοῦ
371 696 485 783 κόσμου
501 694 586 777 ζωῆς.
628 692 912 783 Praepositiouem
927 696 1006 787 tissip
1019 700 1178 791 veurpat'i

137 805 270 869 constat
292 800 356 884 sic,
377 812 414 866 vt
434 800 588 867 denotetz
616 818 701 887 pro,
721 818 799 863 seu:
830 796 905 862 vice
924 798 1078 885 alicuius,
1108 826 1178 871 non

136 904 242 973 modo
261 892 353 993 opud
374 902 553 992 scriptores
574 922 700 981 sacros,
721 900 846 985 veluti,
867 892 966 967 Rom.
984 898 1029 986 V,
1051 906 1082 969 6.
1097 928 1128 991 7.
1145 904 1178 975 8.

137 1002 243 1090 XIV,
262 1007 311 1072 15,
347 1011 375 1071 t.
391 1011 463 1073 Cor.
479 1004 511 1087 Ι,
530 1002 580 1069 13.
611 1018 642 1066 2.
662 1000 736 1073 Cor.
756 998 802 1084 V,
822 1000 870 1066 15.
885 1002 1031 1091 relique,
1052 1006 1110 1073 sed
1127 1022 1179 1075 et·
1261 1091 1264 1101 1

138 1112 209 1177 ism
227 1108 405 1199 profanos,
427 1128 446 1173 e
469 1103 591 1195 quibus
610 1104 766 1195 exempla
787 1106 950 1195 congessit
968 1097 1176 1181 nisurus

138 1212 294 1279 adhunc
318 1210 448 1293 locum,
477 1220 512 1274 et
534 1208 733 1275 nominatim
756 1206 856 1275 etism
876 1206 1056 1289 iormnlees
1092 1218 1180 1283 mori

138 1316 220 1401 dm'p
241 1340 340 1393 τινος,
369 1331 433 1404 pro
457 1312 591 1400 aliquo,
620 1304 760 1379 siinsi'us
780 1310 865 1377 vice.
929 1312 1026 1401 Vnde
1044 1318 1179 1405 qnando

138 1417 307 1487 Dominus
320 1417 441 1484 dicitur
454 1435 577 1505 corpus
590 1434 692 1482 snum
706 1412 842 1493 dedisse,
861 1432 926 1501 seu,
936 1428 1080 1485 mortem
1094 1420 1178 1487 sub-

124 1522 214 1588 iisse
230 1514 304 1604 dnip
319 1514 380 1587 sois
392 1514 588 1607 despuisse,
615 1514 796 1603 significate
827 1538 906 1585 eum
920 1530 1094 1588 mortuum
1109 1542 1181 1588 esse

138 1646 204 1714 pro
217 1620 413 1695 hominibus
420 1673 430 1706 ,
449 1624 524 1690 loco
537 1618 737 1700 hominnm
759 1640 861 1707 quam
876 1618 1017 1687 dicimus
1030 1636 1179 1696 mortem
1243 1649 1248 1660 ¹

140 1724 263 1792 Christi
279 1724 461 1807 vicarium
489 1736 525 1790 et
540 1719 689 1789 hocloco
701 1720 906 1787 nominatim
919 1720 1018 1804 dixit,
1049 1748 1084 1791 se
1099 1750 1179 1793 cor-

138 1846 204 1919 pus
217 1848 327 1915 ,sunm
343 1821 441 1909 dere,
466 1838 613 1893 mortem
630 1836 788 1915 oppetere
810 1825 889 1911 ὑπὲρ
910 1824 966 1905 τῆς
986 1828 1042 1893 τοῦ
1059 1824 1179 1912 κόσμου

137 1930 235 2011 ζωῆς,
254 1927 346 2016 quod
359 1950 427 1993 non
438 1938 550 2018 potest
563 1926 654 1994 eliud
669 1926 749 2013 quid
764 1924 959 2015 significare,
979 1948 1082 2013 quam
1096 1928 1181 1999 hocs

138 2026 183 2098 sd
205 2029 453 2117 impetrandam
477 2034 581 2099 vitem
599 2030 751 2096 humano
770 2025 894 2119 generi.
953 2030 1060 2116 Igitur
1080 2054 1179 2100 conss

138 2134 234 2201 vitae
247 2130 427 2199 hominum
441 2137 489 2200 est
500 2156 594 2201 mors
611 2130 753 2212 Christi,
783 2143 817 2196 et
832 2132 905 2199 vite
926 2128 1105 2201 hominum
1126 2134 1179 2203 ei·

138 2232 250 2303 tectus
262 2230 382 2301 mortis
395 2233 536 2320 Christi,
572 2248 672 2323 etque
687 2232 840 2301 Christus
860 2244 906 2301 est
922 2236 1012 2326 ἄρτος
1025 2234 1079 2319 τῆς
1092 2242 1181 2326 ζωῆς,

140 2351 305 2428 quatenus
329 2355 391 2406 sna
412 2353 522 2424 morte
543 2339 651 2408 vitun
669 2334 876 2428 impetrauit.
899 2405 902 2419 ,
926 2339 998 2408 Iam
1018 2343 1179 2432 persists

140 2439 251 2510 τούτου
262 2443 319 2508 soii
330 2443 428 2532 ἄρτου
434 2495 445 2524 ,
465 2441 555 2530 siue,
575 2443 632 2513 eds
643 2445 736 2532 «ipsos
748 2443 803 2530 ,τῆς
819 2435 913 2524 ἰωῆς,
932 2441 1027 2512 facile
1040 2445 1179 2536 quisque

141 2544 356 2628 concesserit,
378 2543 554 2616 denotare:
582 2541 770 2614 crederem
785 2543 976 2630 Christum
1002 2569 1112 2637 neque
1124 2559 1178 2616 tn-

1286 192 1302 226 ἱ

140 2667 242 2730 men,
267 2647 357 2734 quod
380 2662 431 2716 est
448 2650 534 2717 bene
555 2651 760 2732 tenendum,
783 2650 981 2740 simpliciter
996 2649 1177 2736 significati
1292 2679 1295 2694 ·

139 2747 298 2831 credere,
328 2751 384 2817 sed
406 2775 485 2819 cum
506 2748 802 2836 determinatione,
832 2750 1014 2821 nimirums
1042 2753 1180 2820 credere

141 2851 179 2918 in
193 2851 306 2918 Iesum
320 2866 481 2942 unquam
496 2869 669 2923 auctorem
683 2857 773 2922 vitae
786 2855 984 2936 hominum,
1005 2875 1081 2936 seu,
1104 2877 1180 2920 cre·

143 2953 242 3036 dere,
262 2955 375 3022 lesum
387 2969 562 3025 mortuum
578 2981 648 3025 esse
663 2957 741 3046 ὑπὲρ
755 2959 809 3037 τῆς
823 2951 882 3024 sod
892 2955 1008 3042 κόσμου
1019 2953 1095 3034 ζωῆς
1102 3007 1113 3039 ,
1135 2951 1180 3022 sd

142 3056 381 3142 scquirendam
394 3059 587 3127 hominibus
600 3060 726 3142 vitem3
747 3073 782 3126 et
796 3057 932 3148 quidem
947 3057 1083 3124 credere
1101 3081 1181 3130 cum

144 3159 283 3242 effectu,
306 3173 345 3228 vt
359 3159 443 3231 haec
461 3159 545 3230 fides
556 3163 619 3231 tibi
635 3164 728 3230 vtssis
743 3161 804 3246 sit,
824 3173 861 3228 vt
872 3161 909 3226 in
924 3157 1059 3228 Christo
1072 3185 1180 3250 pones

130 3278 236 3351 ¹spem
251 3257 343 3330 vitre
355 3263 507 3348 futurae,
528 3287 671 3354 eumque
683 3263 725 3332 sb
741 3288 780 3330 eo
794 3265 921 3352 repetes
942 3269 975 3328 et
996 3271 1183 3352 exspectes,

144 3373 246 3454 tique
259 3363 338 3434 inde
351 3365 501 3436 fructum
512 3361 677 3460 percipies
689 3369 780 3459 spei,
804 3366 966 3448 loetitiae,
988 3365 1180 3453 tranquilli·
1295 3365 1298 3373 '

143 3468 236 3555 tetis,
259 3481 358 3560 etqsm
372 3473 551 3562 aliquando
566 3471 675 3538 vitam
690 3483 862 3537 ueternum
878 3468 985 3558 ipsam
997 3487 1180 3558 conseque·
1208 3459 1212 3467 ’

143 3570 198 3637 ris.
221 3571 283 3638 Hic
297 3571 402 3662 igitur
416 3570 547 3641 disertis
559 3573 671 3642 verbis
684 3571 870 3641 declsrsuit
877 3569 1050 3658 Dominus,
1065 3571 1177 3660 quod·

143 3693 222 3740 mm
244 3688 332 3742 esset
351 3677 527 3746 consilium
549 3677 668 3746 mortis
684 3699 782 3759 suae,
812 3673 951 3766 quinem
974 3683 1082 3742 essent
1103 3673 1176 3741 eius

145 3770 285 3844 fructus.
329 3779 403 3847 Iam
416 3774 545 3847 finctus
557 3779 674 3849 mortis
690 3775 815 3846 Christi
828 3774 913 3844 varii
928 3797 997 3844 esse
1008 3785 1176 3866 poterent,

144 3881 292 3968 variique
312 3891 641 3968 commemorentur,
683 3881 811 3950 eratin
833 3873 873 3948 ea
892 3881 1083 3972 exemplum
1109 3900 1176 3974 pe·

144 3977 278 4050 tientiee
291 3985 394 4076 piune
407 3972 589 4072 ennium,
615 3983 766 4076 itemque
780 3979 904 4058 mons
919 3999 997 4074 erga
1011 3981 1177 4067 homines,

1006 4264 1019 4324 s
1084 4225 1090 4252 .
