2800 4650
208 201 271 268 ιιι
569 277 572 288 Ι
622 217 679 266 ιο.
704 217 740 285 ι,
769 221 822 290 ⁹7·

207 385 343 462 tumque
366 383 400 438 et
422 371 502 438 dare
525 381 558 444 et
578 359 755 448 restituere
783 387 892 462 potest
917 357 1093 462 omuibus,
1129 401 1244 446 noune

208 499 284 543 eum
302 485 435 563 oportet
447 471 571 538 habere
591 477 888 564 omnipotentiam,
902 477 1069 567 ‘adeoque
1088 493 1244 548 naturam

207 578 380 646 diuinam?
401 575 521 642 Nonne
535 597 670 640 necesse
683 589 743 660 est,
765 590 804 643 vt
816 580 860 646 sit
875 581 975 648 totius
986 585 1134 650 uniuersi
1147 607 1245 650 orea-
1283 584 1288 594 “

206 681 284 748 tor?
318 677 421 766 Atqui
444 676 545 742 talem
570 679 755 784 potentiam
774 681 838 746 sibi
858 682 974 748 tribuit
992 685 1161 752 Dominus
1178 687 1244 755 hoc

134 841 136 849 ,
205 785 297 864 looo;
319 782 420 848 talem
435 803 470 846 se
484 750 669 870 professus
666 792 714 846 est
726 781 875 850 diserte:

239 887 330 952 Id
351 906 431 952 vero
453 895 490 948 vt
508 881 748 967 intelligeretur
769 884 972 972 euidentius,
1000 909 1064 958 nec
1084 892 1242 979 cuiquam

205 941 347 1058 dubium
362 985 627 1073 relinqueretur,
650 1009 687 1051 se
710 986 773 1053 sibi
797 989 898 1054 talem
913 992 1144 1060 auctoritatem
1164 995 1243 1060 sin·
1258 979 1262 986 ¹

206 1094 318 1161 dicare
339 1111 408 1164 nou
423 1100 565 1169 temere,
594 1088 743 1176 reponit,
765 1103 862 1177 quae
875 1090 945 1158 iam
964 1093 1115 1178 dixerat,
1144 1110 1243 1182 atque
1273 1127 1276 1132 ·

204 1200 287 1266 adeo
299 1193 426 1265 maiora
439 1189 587 1256 subiecit.
627 1189 761 1256 Etenim
776 1189 944 1280 vessicrilo
957 1194 1088 1264 decimo
1099 1198 1245 1285 septimo

135 1313 137 1316 ’
205 1303 315 1367 denuo
330 1289 529 1373 inculcauit,
550 1315 586 1356 re
607 1313 627 1356 a
640 1293 748 1360 Patre
763 1293 984 1364 comtitutnm
1006 1321 1075 1363 esse
1094 1299 1239 1365 iudicem

205 1398 347 1470 humani
371 1393 514 1482 generis,
544 1393 683 1480 eiusque
705 1396 755 1460 rei
782 1419 917 1466 oausam
935 1401 1238 1502 commemorauit:

202 1496 426 1570 demcmdanit
439 1496 656 1586 einegotiam
671 1495 864 1581 iudicandi,
885 1478 1049 1589 qnbniam
1068 1512 1121 1568 est
1137 1499 1238 1591 filius

138 1633 141 1640 ’
201 1603 359 1672 bominis.
402 1599 589 1666 Etenim
553 1628 588 1668 το
608 1603 720 1686 κρίνειν
734 1600 987 1688 intelligendum
1006 1603 1156 1670 esthaud
1172 1605 1239 1670 du-

201 1709 257 1774 bie
272 1713 312 1773 de
322 1701 444 1770 iudicio
461 1713 630 1784 extremo,
652 1702 876 1790 denotatquez
905 1704 1056 1790 praemia
1068 1719 1102 1774 et
1113 1697 1255 1800 poenas]

200 1809 349 1876 tribuere
364 1803 482 1892 cuique
495 1825 558 1892 pro
574 1803 669 1872 iactis
684 1817 855 1875 anteactae
868 1805 980 1888 vitaer
991 1806 1104 1874 ‘modo
1115 1809 1237 1897 'expri-

199 1913 273 1992 mit,
295 1907 386 1996 quod
400 1917 450 1970 est
461 1904 546 1970 bene
560 1907 757 1990 tenendum,
771 1930 843 1974 uon
856 1931 964 1978 vnum
977 1921 1110 1979 tantum
1123 1923 1237 1978 actum

80 2089 82 2098 ,
198 2011 400 2091 iudicialem,
421 2007 478 2074 s'ed
495 2019 606 2072 actum
622 2010 832 2091 continuum,
854 2035 966 2100 neque
978 2017 1062 2082 adeo
1077 2014 1239 2099 significat

141 2185 146 2194 ,
198 2112 551 2186 tantmuz‘decernese
564 2111 735 2198 praemia,
757 2114 816 2178 sed
833 2115 953 2181 etiamz
983 2141 1023 2182 ea
1043 2115 1235 2196 attribuere,

198 2231 232 2286 et
247 2217 379 2303 quidem
394 2201 474 2280 'non
498 2235 564 2280 vno
586 2215 760 2280 momento
780 2214 913 2296 iudicii,
940 2219 998 2283 sed
1019 2239 1236 2304 peromnem

198 2317 442 2387 aeternitatem.
498 2316 604 2405 Igitur
623 2316 788 2383 Dominus
808 2329 920 2384 noster
942 2317 1084 2385 hnmani
1104 2319 1245 2402 generis,

196 2422 301 2489 iudex
316 2431 365 2483 est
378 2417 525 2505 critque,
549 2442 618 2483 non
633 2431 763 2484 tautum
776 2418 950 2501 hactenus,
980 2428 1143 2509 quatenus
1156 2444 1235 2485 sen·

196 2520 335 2588 tentiam
351 2516 437 2585 feret
450 2521 492 2585 de
505 2536 717 2609 unoquoque,
734 2532 769 2585 et
780 2521 989 2587 credentibus
1001 2519 1106 2587 vitam
1122 2534 1234 2588 neter-

152 2636 156 2647 '
195 2644 276 2690 nam
289 2622 455 2702 decernet,
477 2622 533 2687 sed
547 2624 644 2688 eliam
663 2636 764 2709 atque
777 2625 813 2689 in
827 2619 956 2710 primis,
978 2632 1143 2714 quatenus
1157 2608 1247 2690 θυι(

195 2726 275 2795 dem
288 2744 419 2813 quoque
433 2720 470 2789 in
485 2735 654 2791 aeternam
675 2728 781 2791 vitam
795 2722 972 2800 n'ansfrret
987 2740 1021 2793 et
1042 2724 1079 2789 in
1098 2750 1233 2795 omnem

194 2826 424 2897 aeternitatem
440 2826 661 2917 suppeditabit
679 2828 822 2915 cuique,
849 2840 1232 2917 quaecunquenscessa-
1263 2870 1273 2897 ι

192 2930 245 2997 ιιι
268 2917 369 2995 erunt
390 2928 432 2993 ad
459 2950 567 2995 veum·
591 2942 624 2994 et
651 2930 798 3020 linctum
821 2928 1044 2995 beatitudinis.
1060 2934 1230 3021 cuiusque,

191 3031 265 3099 Hoc
279 3029 450 3097 indicandi
462 3033 633 3117 negotium
651 3056 733 3100 vers
746 3032 776 3097 ei
790 3029 923 3097 tradidit
933 3031 1033 3099 Pater
1043 3046 1231 3123 propterea,

190 3138 240 3206 o'ts
262 3132 330 3211 υιός
356 3132 527 3221 ἀνθρώπου
555 3137 629 3201 ἐστι.
691 3135 787 3215 Hspc
815 3133 1076 3223 appellationem
1103 3132 1242 3225 constit

191 3234 412 3335 aequipollere
433 3234 563 3303 nomini
584 3234 742 3317 Messias,
763 3249 929 3322 quatenus
950 3248 1000 3301 est
1022 3236 1176 3333 expiator
1197 3250 1231 3303 et

190 3350 292 3427 caput
311 3350 412 3426 atque
433 3334 587 3402 dominus
609 3336 752 3403 humaui
775 3334 919 3423 gen'eris
979 3338 1086 3425 Igitur
1105 3338 1230 3425 placuit

189 3442 298 3523 Patri,
335 3452 390 3524 vt,
426 3438 592 3527 quiesset
619 3438 779 3506 sanator
797 3452 832 3507 et
855 3439 1010 3507 dominus
1015 3438 1241 3529 hominum„

189 3540 278 3607 idem
296 3564 429 3631 quoquc
445 3549 530 3605 esset
543 3540 728 3605 eorundem
743 3540 863 3622 iudex,
892 3552 941 3620 et,
962 3543 1021 3627 qni
1034 3540 1137 3607 vitam
1151 3542 1228 3609 feli-

189 3640 393 3731 citatemque
412 3655 583 3711 aeternam
603 3642 816 3731 impetrasset
842 3663 903 3707 sus
923 3652 1048 3721 morte,
1085 3644 1227 3713 eandem

188 3763 324 3829 quoque
339 3743 547 3811 credentibus
560 3746 718 3811 omnibus
732 3742 932 3835 impertiret,
952 3742 1131 3831 denegaret
1146 3726 1244 3817 vero⁹

187 3842 245 3923 iis,
267 3841 325 3928 qui
346 3844 447 3911 fidem
467 3844 532 3937 ipsit
547 3844 803 3935 denegauerint,
822 3866 948 3933 ,eosque
970 3846 1138 3935 suppliciis
1162 3853 1239 3940 ιιι,-ι

187 3940 321 4013 diceret.
