2800 4650
526 223 648 330 roff,
679 215 825 300 at.sqq.'
897 213 900 221 '
1058 200 1060 205 ’
1113 186 1201 303 ’,09

150 384 410 478 'simi'cpiusqne
427 377 619 468 interpretis
644 394 779 444 sumere
799 394 995 467 possumus,
1029 392 1121 450 totu,
1140 381 1195 464 qq,
1293 404 1296 408 ι

46 510 50 516 “
93 529 100 538 ’
150 492 245 559 locus
260 498 312 554 est
324 481 547 572 dogmaticus,
569 482 689 568 inquo
703 480 800 548 docet
812 481 996 563 Dominus,
1014 507 1118 571 seque
1132 485 1204 573 deq

151 591 291 661 ferdere
312 587 422 654 voluit
443 595 560 650 contra
580 583 848 650 criminationem
868 583 1087 666 ludaeorum,
1117 597 1206 664 tan-‚

152 717 257 782 quam
281 691 345 760 sibi
366 701 493 756 temere
514 673 719 774 arrogasset,
747 707 834 773 quae
856 697 966 751 essent
985 687 1066 770 Dei,
1086 709 1207 774 seque.

151 820 269 888 parem
296 792 426 860 fecisset
438 791 528 871 Deo,
550 789 714 856 versiculo
734 788 865 856 decimo
885 780 1023 854 'octone
1067 789 1207 863 verteme

151 901 188 966 in
201 897 261 966 tali
275 899 349 964 loco
362 883 528 960 Dominus
548 891 654 981 tropis
669 903 703 958 et
714 889 851 976 figuris,
877 891 984 977 iisque
1004 866 1208 960 audaciori-²

151 997 215 1069 bus'
229 1011 263 1064 et
277 993 540 1076 sublimioribus,
563 993 614 1058 vti
626 993 723 1060 nullo
737 994 840 1060 modo
852 992 1026 1081 potuisset.
1068 993 1203 1067 Deinde

151 1105 191 1172 in
205 1097 278 1168 toto
291 1101 356 1166 hoc
371 1099 445 1166 loco
460 1117 572 1160 sermo
585 1117 656 1162 non
671 1108 721 1161 est
744 1095 787 1162 dc
801 1117 904 1186 opere
929 1093 1116 1174 doctrinae,
1136 1094 1197 1162 sed

150 1205 330 1296 potentiae.
373 1200 509 1268 Etenim
520 1197 644 1264 horum
657 1219 868 1280 sermonum,
890 1219 969 1265 cum
984 1197 1113 1263 ludaeis
1128 1196 1195 1262 ha-

152 1308 374 1388 bendorum,
403 1299 609 1366 occasionem
630 1297 835 1387 praebuerat
860 1295 1009 1366 Domino
1037 1321 1109 1364 non
1132 1297 1197 1364 do-
1313 1357 1316 1366 .

124 1493 131 1498 ⁴
151 1412 277 1491 enine,
300 1406 360 1476 sed
374 1401 608 1482 mirsctrlum3'
624 1423 733 1488 neque
746 1401 838 1466 enim
850 1399 1028 1484 docuerat,
1056 1401 1113 1466 sed
1128 1401 1198 1483 bo·

150 1515 280 1582 minem
306 1519 481 1595 aegrotum
503 1515 691 1569 sanauerat.
755 1501 873 1592 Quare
897 1524 1009 1568 sermo
1032 1524 1197 1589 essenon

151 1625 262 1707 potest
282 1612 325 1678 de
347 1629 490 1676 munere
510 1603 672 1686 docendi,
699 1603 757 1670 sed
778 1605 820 1670 de
837 1604 995 1693 operibus
1014 1604 1208 1692 potentiue.¹

98 1756 100 1765 γ
151 1719 196 1786 Et
210 1715 346 1802 qnando
359 1711 539 1802 profitetur
553 1705 722 1800 versiculo
735 1705 867 1772 decimo
883 1706 1046 1794 septimo,
1074 1729 1109 1772 se
1121 1705 1205 1794 pari.

151 1821 267 1901 modo,
282 1829 321 1883 vt
334 1816 444 1892 Pater,
459 1812 638 1880 efficaciam
655 1808 792 1896 vimque
807 1831 905 1874 suam
917 1830 1072 1874 exserere
1085 1806 1129 1872 ad
1141 1829 1208 1885 aa<

151 1925 261 2003 lutem
280 1919 418 1986 humani
428 1915 562 2008 generis
575 1912 647 1978 sine
667 1908 928 1989 intermissione,
959 1908 1059 1972 etiam
1082 1907 1200 1974 diebus
1259 1909 1273 1924 ‘
1321 1981 1324 1990 Ι

152 2015 346 2102 sabbaticis3
383 2033 443 2088 aut
464 2017 597 2108 quando
620 2013 718 2078 docet
741 2011 907 2077 versiculo
930 2007 1196 2092 vndeuicesimo,
1264 2021 1268 2026 “

153 2121 614 2216 quaecuuquefuciatPeter,
635 2137 670 2180 sc
683 2135 821 2200 quoque
834 2111 966 2192 facere3
995 2133 1080 2176 num
1100 2109 1195 2196 cogi-

152 2229 260 2308 tauit,
280 2237 338 2292 sut
358 2225 504 2313 cogitare
517 2219 628 2310 potuit
647 2215 689 2282 de
709 2237 853 2282 munere
876 2213 1036 2295 docendi,
1065 2235 1111 2278 an
1129 2235 1207 2300 po„

153 2336 219 2406 tius
240 2332 281 2397 de
304 2328 463 2421 operibus
482 2320 676 2415 potentias?
717 2318 809 2387 Num
837 2340 924 2407 opus
940 2315 1073 2400 Patris,
1104 2314 1207 2403 quod²

152 2447 318 2529 perpetuo
331 2430 477 2522 peregit,
501 2438 550 2493 est
565 2446 650 2515 opus
663 2422 852 2503 doetrinae,
874 2428 909 2483 et
921 2442 991 2503 non
1006 2421 1118 2509 potius
1129 2442 1196 2507 po-

153 2536 299 2605 tentiae?
320 2536 391 2605 Ant
404 2530 495 2621 qnid,
517 2550 650 2618 quaeso,
670 2522 843 2616 praecipui
860 2519 1006 2603 dixisset,
1029 2522 1119 2611 quod
1142 2544 1197 2585 es-

86 2682 93 2693 ·
151 2652 215 2707 set'
231 2637 453 2705 admiratione
482 2620 657 2720 dignum,¹
675 2626 865 2697 cuiusmodi
892 2635 1007 2693 tamen
1035 2621 1209 2712 vicesimo*

152 2743 317 2811 versiculo
341 2760 376 2804 se
393 2726 565 2803 fact'urum
586 2734 794 2821 pollicetur,
815 2728 843 2795 si
866 2731 1010 2797 innuere
1037 2724 1200 2794 voluisset

153 2846 239 2915 nibil
261 2840 370 2925 aliud,
390 2836 464 2905 nisi
484 2836 568 2917 hoc,
584 2858 633 2903 se
653 2851 830 2921 nunquam
849 2828 1091 2921 intermittere,
1113 2822 1200 2887 edo-

154 2968 231 3015 cere
249 2940 427 3011 homines?
456 2938 575 3007 Nonne
590 2935 746 3025 Apostoli
766 2934 859 3003 idem
879 2929 1065 3026 potuissent
1087 2924 1207 3017 dicere=

154 3050 198 3117 de
214 3047 273 3113 sel
293 3044 384 3113 Num
399 3065 482 3115 vero
494 3038 734 3131 Apostolorum
748 3034 922 3122 quicqum
935 3050 1084 3119 vnquam
1099 3024 1207 3109 discit„

154 3162 215 3219 aut
226 3150 302 3216 eine
308 3148 431 3215 iniuria
447 3144 557 3211 dicere
569 3139 750 3229 potuisset,
779 3134 869 3224 quod
886 3126 1199 3217 Dominusprofes·

120 3266 130 3279 ⁸
155 3234 211 3321 su's
228 3264 294 3319 est:
324 3264 364 3317 vt
381 3250 482 3317 Pater
501 3265 598 3311 meus
619 3253 777 3332 operetur
796 3237 840 3325 ad
859 3234 952 3300 hunc
971 3254 1074 3319 vsque
1093 3231 1198 3311 diem,

154 3358 202 3423 ita
215 3378 338 3446 operor
351 3365 385 3419 et
399 3347 484 3437 ego?
505 3346 616 3433 Atque
627 3343 742 3413 ludaei
756 3342 844 3427 bene
854 3332 1084 3429 intelligebant
1094 3353 1207 3412 mem,

155 3468 223 3523 tem
236 3455 392 3537 Domini,
416 3448 653 3535 verissimeque
670 3444 780 3511 verba
791 3442 863 3510 eius
875 3434 1195 3527 interpretabantur.
1221 3493 1225 3504 ,
1242 3438 1258 3488 :¹

155 3559 241 3631 Nam
257 3580 337 3623 cum
351 3556 466 3647 ipsum
479 3550 638 3634 audirent
660 3548 709 3615 ita
731 3545 944 3631 loquentem,
966 3537 1078 3641 statim
1096 3529 1208 3603 intel'-.

154 3656 318 3745 ligebent,
358 3661 471 3749 ipsum
498 3650 756 3749 sihisvindicsre
786 3652 1005 3732 potestatem,
1041 3638 1198 3721 faciendi,

156 3758 242 3848 qnae
256 3761 357 3827 vnice
371 3764 462 3829 Deus
477 3756 587 3823 facere
597 3749 719 3840 possit,
739 3746 889 3832 adeoque
902 3746 975 3815 Deo
989 3767 1024 3810 se
1037 3744 1204 3833 aequipa-⁵

71 3888 74 3905 ¹
151 3886 242 3933 rare.
286 3862 403 3955 Quam
421 3862 623 3931 ludaeorum
639 3852 833 3941 opinionem
847 3850 1095 3917 nontemotitus
1110 3859 1199 3933 esta

154 3988 189 4031 se
210 3964 394 4053 Dominus,
429 3966 536 4039 immo
560 3958 672 4049 potius
694 3961 769 4027 cam
798 3938 1028 4036 confirmauit,
1062 3946 1212 4017 vberius·
