2800 4650
623 136 628 165 ι

162 208 225 299 ²94
324 246 327 250 -
479 200 848 304 Ιιο.ιιι,.ι8.ι9.

163 394 281 459 eausa,
302 396 373 442 non
387 374 594 465 qnaeiiuisso
608 374 752 461 gloriam
768 396 877 455 suam,
898 392 969 439 non
984 370 1126 453 dixisse,
1147 394 1214 443 nso

163 476 280 546 secuse
294 479 478 565 quicquam
496 497 538 545 eo
560 476 715 555 consilio,
737 488 774 541 vt
793 476 1028 543 inclaresceret
1051 486 1086 541 et
1109 472 1214 543 fauo·

30 612 33 617 ·
164 604 242 649 rens
253 579 435 651 hominum
459 591 625 671 captaret,
646 578 706 647 sed
725 578 816 646 sacta
836 600 916 660 sua,
939 578 1092 657 consiliu,
1113 578 1215 649 effata
1305 617 1307 625 v

167 684 282 751 omnia
296 671 449 752 retulisse
465 684 508 749 ad
525 682 758 751 illustrandam
774 681 917 768 gloriam
930 678 1038 748 Petris
1052 682 1225 754 salutem

167 807 234 877 qne
247 784 446 869 hominum,
468 784 525 853 cui
541 809 619 853 ex
598 774 772 853 voluntate
796 782 913 849 diuina
935 783 1129 871 prospicere
1152 786 1218 857 de-

168 888 269 955 bebat
288 889 385 955 omni
406 890 529 971 modo,
560 911 705 977 eumque
724 885 899 953 tradidisse
920 906 989 953 non
1012 886 1096 971 nisi,
1127 910 1217 976 quaa

168 1000 358 1079 spectarem
372 993 415 1059 ad
429 991 625 1062 felicitatem
645 990 827 1059 hominum
842 999 875 1053 et
889 988 932 1055 ad
948 985 1094 1063 consilia
1107 994 1224 1062 Patris·

169 1091 211 1159 de
227 1115 350 1161 eorum
368 1096 473 1163 saluts
492 1107 649 1176 aeterna,
659 1094 819 1180 eiusque
839 1091 1024 1159 docuinam
1048 1116 1125 1161 esse
1136 1096 1219 1163 vni-

167 1218 268 1265 venso
292 1196 443 1267 humano
462 1198 590 1287 generi
613 1167 881 1264 saluberrimam.
946 1194 1132 1265 Enitnuero
1157 1196 1219 1267 vbi

167 1299 339 1388 videmus,
361 1284 475 1366 sirim
491 1300 638 1386 aliquem
654 1320 816 1385 quaerere
832 1320 902 1363 non
919 1298 983 1367 nist
973 1296 1138 1385 gloriam
1152 1300 1227 1371 Dei·

166 1376 417 1489 hominumque
443 1402 606 1482 salutem,
643 1423 717 1468 non
743 1418 922 1489 possumus
950 1423 1021 1469 nou
1048 1403 1217 1493 colligere,

168 1504 282 1573 Deum
304 1504 451 1573 adfuisse
470 1504 683 1583 eiusmodi
649 1528 725 1573 vtro
740 1500 847 1569 suavi
868 1526 998 1589 suoque
1012 1505 1139 1586 auxilio
1153 1530 1219 1597 pe-

168 1606 306 1688 culiari,
341 1631 440 1675 vsum
465 1631 536 1675 esse
556 1609 618 1677 tali
644 1608 720 1675 viro
745 1606 786 1671 sd
809 1605 1039 1695 patefacienda
1061 1620 1094 1675 et
1117 1632 1218 1677 exse-

169 1708 306 1799 quenda
318 1732 382 1777 sua
396 1712 534 1782 consilia
545 1712 587 1777 de
600 1711 708 1778 salute
722 1708 919 1783 hominum.
940 1710 1174 1779 doctrinam
1145 1736 1229 1781 erus.

169 1807 419 1882 manifestem
442 1825 478 1879 et
498 1812 658 1881 traditam
678 1835 750 1877 esse
778 1824 940 1899 tanquam
964 1812 1218 1899 adminiclum,
1266 1796 1269 1811 Ι

169 1911 331 1985 diuinitus
344 1926 525 2005 paratum,
546 1917 746 1983 adsalutem
762 1916 1044 2001 consequendam.

254 2017 305 2085 lla
316 2018 486 2090 Dominus
502 2018 780 2109 suppeditauerat
794 2016 1003 2086 audientibus
1018 2032 1221 2107 argumenta

168 2132 261 2189 certa
274 2131 310 2189 et
322 2121 506 2205 midentin,
528 2118 653 2209 quibus
667 2118 766 2186 facile
780 2118 921 2207 quisque
935 2122 997 2187 sibi
1014 2124 1220 2209 persuadere

63 2296 72 2303 .
166 2233 317 2311 poterat,
339 2246 419 2291 eum
442 2226 603 2293 diuinitus
618 2224 761 2289 missum
777 2245 850 2289 esse
867 2224 1005 2309 eiusque
1026 2224 1221 2299 doctrinam

167 2324 283 2394 Deum
297 2338 469 2396 auctorem
484 2329 619 2396 habere
665 2324 795 2394 Verum
817 2326 882 2394 hoo
901 2353 923 2395 a
940 2327 1072 2396 Iudaeis
1095 2353 1233 2428 exspes

167 2409 259 2495 clais
274 2427 445 2496 Dominus
458 2453 529 2497 nou
541 2440 686 2520 poterat.
733 2427 860 2544 Quare,
878 2453 949 2512 vos,
969 2431 1090 2520 inquit,
1111 2457 1155 2502 ne
1168 2433 1224 2500 illi

167 2525 305 2618 quidem
318 2527 492 2599 doctrim
505 2553 634 2598 morem
646 2531 781 2622 geritis,
805 2557 911 2622 quom
926 2535 1019 2606 sodis
1035 2533 1128 2604 dedit
1142 2537 1223 2608 Mo·

167 2653 239 2710 aas,
263 2643 390 2720 quanto
407 2634 522 2704 minus
532 2657 634 2707 mese
643 2634 945 2726 ,obtemperabitis
967 2640 1049 2707 alias
1062 2639 1153 2708 enim
1167 2645 1230 2731 qai

46 2726 66 2745 ⁸
165 2736 311 2824 possetis
332 2735 448 2804 moliri
466 2761 584 2808 necem
606 2737 708 2822 ouidi,
737 2740 932 2809 innocentii
945 2741 1085 2814 ‚scilicet
1106 2757 1224 2820 contra

165 2839 274 2928 legem
295 2851 331 2907 et
357 2839 549 2910 doctrinam
569 2840 693 2926 Mosis,
738 2865 824 2932 quse
844 2836 1012 2914 insontem
1032 2846 1225 2918 interficere
1277 2925 1293 2944 ,ἡ

166 2955 272 3010 vetat.
315 2943 397 3014 Sine
410 2941 475 3010 sios
502 2967 617 3013 noune
632 2947 742 3014 Moses
755 2947 857 3042 vobisx
866 2945 960 3012 dedit
974 2949 1109 3038 legem?
1130 2951 1223 3020 scili·

166 3057 224 3112 cet
234 3046 279 3114 de
292 3047 431 3139 sabbato
447 3050 660 3118 celebrando.
705 3050 814 3118 Nemo
838 3057 952 3116 ιιιιιιιιι
967 3065 1120 3122 vestrum
1132 3054 1221 3122 hanc
1344 3115 1350 3122 ,

164 3149 275 3237 legem
297 3149 392 3241 omni
415 3170 460 3218 ex
481 3165 579 3239 parte
601 3153 773 3220 obterunt.
816 3151 912 3248 Quid
934 3152 1039 3244 igitur
1058 3177 1134 3233 me,
1160 3151 1220 3238 qui

164 3256 273 3322 semel
284 3255 447 3345 ιιιίςιιιιο
466 3256 558 3332 visus
568 3279 645 3324 sum
661 3257 754 3324 illem
770 3255 897 3342 legem,
918 3257 1067 3330 sanando
1081 3253 1220 3322 homine

165 3369 362 3444 aegrotante
375 3356 431 3426 die
443 3357 625 3440 sabbatiae,
645 3356 837 3426 interficere
852 3357 1045 3426 conamini?
1066 3357 1135 3426 Vos
1149 3376 1220 3424 non

135 3509 141 3516 -
166 3457 354 3530 etaemus
372 3459 503 3551 legem,
520 3461 628 3532 vobis
648 3485 669 3528 a
684 3452 780 3538 Mose
805 3459 939 3544 datam
969 3473 1005 3528 et
1024 3443 1097 3543 ma,
1124 3457 1222 3546 quasi

33 3596 34 3599 ¹
167 3558 241 3631 eiua
254 3585 376 3646 mum,
395 3565 618 3635 owidcndum
638 3565 836 3640 censetis?

48 3694 53 3707 ¹
252 3665 348 3737 Τιιιιι
374 3668 441 3750 illi,
465 3669 556 3736 hac
586 3664 739 3750 oratione
766 3665 985 3735 vehementer
1020 3662 1224 3754 permisti,

167 3765 273 3884 quud,
296 3793 356 3857 qus
344 3769 493 3841 videri
499 3772 627 3840 vellent·
624 3769 718 3857 legis
732 3767 1029 3848 obseruantissimi,
1050 3765 1163 3854 legis
1153 3791 1224 3834 rm-

166 3869 226 3958 pie
237 3869 381 3938 violatae
393 3895 469 3940 reos
484 3886 618 3960 afflet,
639 3891 764 3961 eosque
781 3879 964 3948 noemae,
983 3879 1150 3958 nuquam
1165 3871 1223 3938 in·

169 3971 310 4044 taison
335 3973 370 4044 oi
387 3977 681 4063 machinaremur,
725 3969 834 4066 ignari
859 3971 1100 4082 comitiorum,
1137 3986 1224 4064 quae
