2800 4650
304 272 377 383 .'
497 284 829 369 munbi-54.
938 278 950 287 ’
1120 272 1184 384 255

120 472 243 531 οιιιιιι·
252 456 475 548 perspicuitas
497 454 711 535 omnimode,
728 455 792 523 sed
808 467 919 541 tenta,
949 476 1074 551 quinte
1094 488 1179 557 opus

128 561 199 644 bct,
222 562 266 626 ed
278 556 535 644 intelligendum
550 545 671 628 eorum
682 580 841 643 senium,
865 564 999 652 quando
1015 586 1178 637 euentum

125 662 321 734 habuerint.
362 660 474 749 Atque
487 660 567 727 binc
582 660 725 749 intelligi
739 674 867 752 potest,
891 687 995 752 quere
1010 668 1177 739 Dominus

128 766 168 833 in
185 764 400 852 sequentibus
422 775 572 831 mentem
601 784 698 829 suum
721 786 790 833 non
822 768 1041 855 explicauerit
1067 772 1178 841 verbis
1209 788 1213 804 ’

126 866 297 960 propriis
292 878 332 933 et
346 865 549 954 perspicuis,
579 889 643 932 nec
664 866 708 931 ad
730 862 952 939 obiectionem
974 849 1178 977 ludaeorum

129 970 257 1059 aliquid
274 990 428 1057 responsi
418 967 621 1050 dederit,
610 990 717 1037 immo
731 970 847 1058 potius
870 994 962 1046 nouo
973 986 1091 1067 tropo,
1119 1001 1179 1047 00.

129 1096 198 1165 qne
213 1069 344 1141 duriori
359 1095 441 1151 usus
455 1068 569 1143 suerit.
635 1132 640 1141 ,
766 1102 771 1109 ¹

216 1166 350 1247 Scilicet
369 1143 577 1240 innilnuei‘et
597 1172 764 1239 Dominus
788 1198 905 1248 omnes
928 1140 971 1249 ad
995 1178 1179 1287 comeden7

130 1280 214 1347 dum
227 1300 353 1373 punem
367 1276 475 1357 vitae,
496 1274 554 1363 qui
566 1298 725 1363 consequi
716 1276 912 1354 voluerint
934 1282 1041 1351 vitum
1065 1268 1178 1383 u'eter'·
1234 1355 1235 1365 χ

128 1402 234 1460 nem3
267 1378 400 1464 dirueret
419 1367 522 1470 sdeo,
557 1400 695 1445 curnem
716 1399 810 1445 suein
834 1404 905 1449 csse
924 1382 1064 1451 hune
1040 1410 1177 1477 penem

130 1483 222 1549 llaec
235 1459 382 1563 absurde
394 1480 595 1547 videbuntur
614 1472 698 1562 illis,
738 1491 789 1561 et,
824 1506 903 1551 cum
924 1476 995 1553 ιιόιι
1015 1488 1178 1555 auderent

130 1569 289 1700 expetere
308 1582 372 1649 sibi
394 1605 415 1648 e
434 1565 583 1649 Domino
605 1571 883 1694 explicationem,
906 1602 989 1675 orte
1012 1600 1064 1655 est
1088 1590 1178 1659 inter

130 1685 219 1776 ipsos
235 1685 435 1774 opinionum
450 1674 629 1763 dissensio,
639 1672 711 1749 aliis
721 1678 823 1751 aliter
839 1707 1029 1775 sermenem
1038 1692 1179 1760 Domini

131 1786 387 1879 explicantibus.
432 1773 679 1874 Disceptcbcnt
703 1784 792 1851 inter
813 1810 868 1863 se,
890 1811 948 1877 qui
938 1787 1040 1857 fieri
1054 1804 1178 1907 posset,
1243 1856 1249 1883 Ι

129 1902 169 1957 vt
180 1890 288 1956 homo
302 1888 399 1956 daret
417 1908 555 1951 carnem
573 1901 671 1953 suem
689 1886 764 1953 eliis
784 1886 1013 1975 edendam,
986 1914 1051 1973 sic,
1082 1906 1122 1957 vt
1138 1885 1178 1959 eii

129 1988 300 2057 sufficeret
313 1988 470 2057 omnibus
484 1984 528 2053 ed
540 1988 721 2057 tenendum
737 1988 843 2059 vitum
856 2001 1036 2059 ueternum.
1083 1974 1177 2081 Que-

131 2086 234 2159 medo
247 2087 319 2173 liic,
342 2089 513 2177 inquiunt,
529 2103 647 2179 potest
664 2082 758 2159 nobis
780 2112 919 2159 carnem
938 2118 1041 2163 suem
1063 2120 1177 2163 conw-

130 2173 280 2262 debeam
291 2192 484 2283 praebere?
528 2189 727 2284 Quomodo
735 2214 913 2261 vescemiu·
934 2194 1081 2283 hominis
1101 2197 1176 2280 vini

131 2296 256 2368 enine?
818 2345 823 2354 -
1041 2343 1043 2350 ,

212 2403 400 2488 Dominus,
433 2424 505 2498 non
526 2399 680 2493 ignarus,
719 2401 762 2468 de
790 2427 855 2494 que
880 2427 920 2474 re
940 2379 1175 2503 discepturent',
1265 2418 1268 2427 '

129 2507 173 2576 ad
185 2506 272 2574 bunc
287 2529 411 2574 eorum
428 2506 483 2573 vel
498 2503 751 2587 dubitationem,
768 2508 823 2574 vel
836 2497 1068 2593 obiectionem,
1090 2509 1175 2579 nihil

127 2607 319 2698 respondit,
354 2609 413 2676 sed
435 2609 526 2696 quod
548 2607 598 2678 illi
618 2607 815 2709 indicabunt
835 2633 910 2694 esse
932 2606 1117 2678 absurdum
1144 2621 1177 2674 et

128 2710 296 2796 ἐδύιιιιω.
329 2710 365 2776 id
389 2734 484 2780 nime
503 2709 600 2778 decet
622 2732 693 2776 esse
717 2701 950 2778 necessarium.
1006 2703 1176 2798 &obfirmo

128 2787 221 2916 uobis
251 2815 483 2918 immittite,
520 2811 588 2881 nisi
613 2811 726 2881 edatis
756 2813 894 2880 carneri
913 2809 992 2902 filii
1020 2809 1177 2894 bominis,

128 2904 271 3017 eiusque
283 2939 481 3010 sangumem
495 2907 637 2990 bibetis,
663 2936 729 2978 nori
749 2911 914 2980 babebitis
933 2913 1044 2979 vitam
1067 2907 1102 2979 in
1117 2933 1176 2978 vo-

129 3014 200 3087 bis·
186 3063 199 3098 ,
227 3039 312 3084 nam
326 3017 356 3084 i's
374 3030 524 3105 tantuin,
547 3014 607 3108 qui
620 3038 758 3083 curnem
771 3039 885 3082 meam
900 3013 1026 3090 ederit,
1047 3035 1175 3080 meum·

130 3138 194 3206 que
216 3117 419 3216 sanguinem
437 3119 575 3196 biberit,
610 3129 827 3204 consequetur
847 3117 958 3184 vitam
978 3125 1175 3198 aetenam,

130 3215 220 3284 hunc
235 3241 299 3310 ego
310 3211 481 3288 suscitabo
494 3217 549 3286 die
564 3230 728 3290 extremo.
762 3219 835 3286 Iuni
849 3219 904 3286 iiie
917 3215 1080 3292 habemus
1095 3239 1174 3282 mo·

131 3318 212 3386 dum
225 3321 386 3408 loquendi
400 3317 598 3389 notabilem.
619 3319 718 3388 edere
740 3342 881 3416 capitem
900 3332 935 3386 et
956 3319 1152 3387 biberesim

127 3445 268 3512 guinem
289 3421 417 3492 Olmii
422 3446 455 3506 3
476 3445 535 3512 qui
525 3421 647 3490 haud
669 3416 771 3488 dubie
790 3421 1047 3514 aequipollet
1018 3445 1068 3506 ei,
1103 3443 1172 3512 quc

129 3546 208 3592 vnis
223 3538 298 3592 eret
311 3522 498 3604 Dominus,
518 3547 606 3598 vere
621 3523 674 3590 51.
665 3545 832 3616 .nempe.
854 3521 1023 3592 comedere
1033 3547 1172 3614 panem,

128 3621 217 3708 siue,
252 3627 365 3698 Iesum
373 3627 577 3712 comedere,
615 3635 780 3714 tuaquom
797 3649 923 3720 punem
943 3627 1054 3708 oi'tcie,
1091 3648 1172 3693 nem

128 3726 266 3821 vtrique
285 3729 460 3796 eedem
423 3754 477 3797 vis
496 3725 674 3808 tribuitur,
704 3727 843 3796 scilicet.
871 3757 914 3814 μη
908 3725 1096 3819 ἀποθάνῃ,
1103 3727 1171 3810 ιη’

128 3854 215 3899 nites
229 3835 275 3910 εἰς
289 3829 344 3900 ede
358 3833 474 3912 ciuisse,
495 3842 545 3896 el:
573 3827 723 3917 ἵχιιζωῆν
744 3829 875 3899 αἰώνιον.
918 3827 1015 3897 Sed
1004 3853 1042 3896 tn
1062 3831 1172 3922 expli-

128 3927 235 3995 eundo
258 3930 318 3996 illo
332 3936 437 4002 mode
454 3932 614 4024 loquendi
629 3931 727 3999 uelde
747 3930 968 4000 dissentiunt
957 3941 1169 4020 interpretes.
1274 4012 1276 4020 Ι

124 4012 281 4138 Plerique
296 4043 411 4104 tamen
424 4045 584 4122 statuunt,
604 4033 793 4108 Dominum
804 4057 867 4126 per
881 4057 1019 4104 earnem
1037 4045 1072 4101 et
1087 4056 1171 4101 scn-

938 4135 962 4206 s
1043 4172 1048 4180 .
