2800 4650
494 345 554 398 ro.
577 339 686 406 ιιιιι,
719 275 884 412 ιη’-ιι
1133 323 1196 414 487

146 492 410 568 'ilbi-vindicabit
424 495 561 563 honoris
583 507 617 562 et
636 493 821 584 dignitatis,
849 515 956 583 eoquo
973 517 1009 562 se
1027 495 1195 564 minorem

149 601 299 696 putabit,
331 609 366 666 et
385 623 452 690 quo
467 599 606 688 quisque
623 598 729 686 magis
752 597 913 664 inseruiet
932 597 1076 664 aliorum
1099 623 1195 665 corn-

149 707 277 789 modis‚
300 701 472 769 videbitur
490 723 559 766 esse
580 701 734 776 minister
750 699 881 788 potius,
904 721 1007 786 quam
1023 700 1192 818 princeps.

149 807 280 878 Deinde
292 803 489 896 prouocauit
502 805 544 868 ad
556 803 751 892 exemplum
765 801 895 868 domini
911 813 945 867 et
957 803 1064 887 serui,
1086 795 1194 872 ratio
1228 870 1232 877 ,

129 919 312 999 nemque,
335 927 422 1000 quae
446 905 533 970 inter
555 917 740 1008 utrumque
753 901 947 970 intercedit.
1001 905 1105 987 Vter,
1134 904 1193 989 ait,
1234 932 1238 938 ·
1281 927 1285 934 ·

148 1009 298 1080 maior
278 1007 437 1078 ridetur?
471 992 651 1076 Mensaene
673 1001 892 1088 accurirbens,
914 1029 958 1072 an
976 1004 1194 1085 ministrans?

146 1112 269 1186 Nonne
285 1108 507 1186 accumbens?
534 1109 638 1197 Atqui
655 1131 734 1197 ego„
755 1111 813 1196 qui
828 1111 902 1174 iure
917 1131 996 1176 meo
1011 1105 1096 1186 mihi
1111 1117 1194 1196 pot·

112 1221 117 1227 ’
148 1243 243 1286 eram
256 1216 428 1286 vindicare
443 1213 649 1294 dominium,
672 1234 787 1279 nonne
804 1209 851 1278 sic
865 1222 1017 1277 vorsatus
1039 1231 1115 1287 sum
1133 1209 1195 1275 in

146 1333 200 1388 ter
214 1343 274 1386 vos
282 1367 292 1402 ,
315 1319 410 1406 quasi
422 1316 574 1384 minister
586 1339 692 1383 essem
704 1328 857 1382 vestrum
871 1311 1050 1383 omnium?
1070 1311 1122 1380 Ao
1136 1321 1194 1375 ιι·

137 1423 217 1512 ¹lem
239 1445 274 1488 se
294 1417 393 1512 gessit
414 1418 580 1494 Dominus
600 1441 680 1487 cum
699 1417 868 1502 maxime,
903 1415 989 1483 dum
1012 1413 1194 1493 demensa

50 1581 55 1592 .
147 1525 299 1614 'surgeret
311 1535 347 1590 et
358 1521 527 1612 discipulis
542 1521 817 1590 accumbentibus
828 1523 930 1612 pedes
946 1521 1086 1587 lauaret
1108 1513 1193 1586 Inde

147 1653 231 1698 vero
253 1627 365 1714 colligi
387 1623 514 1707 voluit,
541 1645 582 1694 eo
604 1627 709 1714 magis
732 1639 890 1714 oportere
907 1618 1103 1712 discipulos,
1132 1613 1192 1704 qui

146 1735 247 1800 talem
268 1728 455 1802 Dominum
474 1725 635 1810 habeant,
658 1741 692 1792 et
712 1729 903 1799 conditione
924 1749 1023 1818 pam
1041 1715 1131 1805 ιίιιι,Ι
1147 1719 1192 1786 ab'
1240 1803 1244 1813 Ι

147 1857 242 1904 οιιιιιι
232 1831 350 1899 fastu
367 1843 400 1896 et
414 1817 598 1895 ambitione
618 1775 797 1902 ιιιιειὶιιειι.
839 1831 893 1901 Ad
915 1839 1107 1896 extremum
1126 1823 1194 1890 do·

146 1948 218 2021 cet,
241 1959 297 2001 cos
319 1945 434 1998 tamen
448 1943 606 2008 ornatum
621 1931 665 1997 iri
685 1934 911 2024 inposterum
932 1952 1056 2018 magua
1079 1927 1192 2017 digni
1234 1985 1238 2000 ,

146 2051 215 2106 tate
232 2047 266 2102 et
277 2045 455 2124 potestate,
486 2057 556 2099 non
570 2035 647 2116 tali,
677 2021 1109 2145 quelemimsginsbnntur,
1132 2026 1191 2102 sod

146 2141 213 2212 alia
227 2127 261 2208 el
273 2139 372 2224 longe
388 2135 631 2218 excellentiori,
661 2139 783 2228 nempe
796 2137 954 2208 futurum
969 2161 1056 2218 esse,
1085 2150 1140 2220 vt,
1161 2135 1192 2208 sl

58 2318 62 2330 .
145 2245 285 2314 fuissent
306 2241 488 2309 imitatores
505 2237 727 2312 humilitatis
717 2241 822 2333 ipsius
841 2254 874 2312 ct
893 2239 1113 2313 afflictionum
1132 2261 1192 2304 so·

146 2350 205 2433 cli,
242 2355 411 2414 consortes
434 2366 568 2433 quoque
590 2342 656 2411 siut
674 2346 819 2433 gloriae,
852 2346 916 2429 sic,
952 2359 993 2415 vt
1012 2344 1193 2413 succedant
1229 2389 1234 2404 ι

146 2452 264 2521 vicarii
278 2450 374 2535 regni
388 2446 505 2537 ipsius,
523 2447 594 2513 eius
606 2448 723 2525 locum
739 2462 906 2540 occupent
921 2466 956 2519 et
969 2449 1059 2517 vices
1072 2440 1192 2536 gerant

146 2554 235 2620 inter
249 2551 422 2630 homines,
452 2550 488 2615 in
510 2550 697 2639 primisque
719 2552 870 2641 praesint
888 2552 1016 2622 ciuitati
1032 2550 1192 2621 Israeliti-

148 2680 206 2723 cae
220 2656 356 2741 eiusque
370 2650 467 2721 saluti
487 2652 705 2743 prospiciant.
745 2656 846 2733 ¹Hunc
864 2654 972 2747 ipsam
991 2656 1189 2747 promissios

147 2780 227 2829 nem
241 2758 404 2823 Dominus
424 2754 503 2823 alias
520 2778 673 2847 quoque,
694 2756 860 2823 nimirum
874 2750 1002 2829 Martis.¹
1016 2758 1127 2841 XIX,
1149 2756 1191 2823 28

148 2858 252 2925 —3o.
272 2858 439 2947 discipulis
468 2856 626 2937 dedet-,at
664 2872 697 2923 ct
719 2882 801 2924 vero
832 2860 935 2925 etiam
958 2875 1068 2928 ratam
1094 2856 1194 2947 fecitq
1253 2930 1256 2944 ¹

147 2982 229 3029 nam
242 2982 320 3028 cum
336 2958 454 3049 ipsein
476 2962 568 3027 coelo
582 2960 714 3026 sederet
736 2983 799 3025 rex
821 2964 996 3044 ccclesiae,
1026 2984 1085 3027 eos
1105 2984 1192 3027 con-

147 3060 258 3131 stituit
271 3058 410 3127 vicarios
429 3062 542 3151 regni
542 3062 594 3126 sui
617 3060 653 3126 in
673 3062 725 3127 his
745 3061 862 3145 terris,
883 3064 1003 3152 bisque
1025 3048 1193 3160 discipulis

147 3168 186 3233 in
198 3164 318 3257 primis
334 3162 551 3229 demandauit
565 3186 680 3229 curam
696 3162 813 3255 populi
827 3164 965 3233 Iudaici.

236 3268 326 3336 Alias
346 3287 479 3381 quoque
498 3266 666 3333 eiusmodi
689 3270 818 3335 actione
843 3268 1047 3357 symbolica,
1076 3280 1110 3339 et
1130 3290 1194 3364 per

151 3372 293 3441 eandem
309 3369 534 3449 occasionem,
564 3390 646 3434 vsus
667 3382 740 3433 emt
754 3364 940 3455 Dominus,
967 3373 1111 3461 parique
1134 3394 1195 3437 ra„
1236 3418 1240 3423 ·

151 3478 243 3544 tione
259 3470 435 3561 discipulos
447 3470 624 3537 admonuit
643 3496 828 3559 eorumque
844 3475 1031 3543 sanitatem
1044 3475 1194 3551 taxauitt
1214 3534 1218 3542 .

153 3594 192 3645 vt
204 3590 364 3645 narratur
375 3570 499 3643 trau!
509 3568 585 3639 XV
583 3576 649 3658 III
669 3576 777 3643 1-5.
793 3582 951 3650 otMnrc.
961 3578 1028 3659 IX,
1041 3576 1194 3660 53-57.
1269 3630 1273 3640 .

48 3744 49 3749 ,
155 3680 309 3748 Scilicet
299 3701 368 3744 ram
382 3673 446 3741 alio
464 3688 615 3781 tempore
637 3679 770 3767 ingenia
784 3702 906 3747 eorum
927 3693 1071 3752 torserat
1088 3702 1195 3774 quae-

155 3780 233 3863 stio,
262 3778 416 3868 quisnam
437 3802 557 3845 eorum
579 3782 706 3871 primas
727 3792 837 3873 partes
858 3782 1035 3853 habiturus
1055 3791 1139 3846 esset
1157 3780 1193 3847 in

154 3902 258 3967 regno
272 3882 422 3967 Messiae,
445 3878 536 3969 quod
551 3906 632 3951 mox
647 3886 826 3974 sperabant
841 3884 1089 3955 inchoaturum
1122 3885 1197 3949 Do·

155 3982 267 4051 minus
280 4004 363 4051 vero
376 4008 524 4073 puerum
539 3988 725 4071 quendam,
751 3988 903 4057 alienum
917 3988 1197 4079 adhucasupe17

124 4126 126 4136 ,
156 4086 211 4151 bia
227 4096 259 4149 et
272 4082 509 4191 ambitione,
497 4089 614 4160 statuit
626 4085 713 4156 inter
726 4092 856 4167 modiin
870 4076 1067 4184 discipulos,
1089 4083 1197 4155 dixit-
