2800 4650
176 264 236 379 fisi
457 262 565 332 ’.ιο
585 274 705 343 svn,
733 278 929 349 17-19.

177 433 364 519 aliquoties,
385 414 497 497 veluti
521 426 605 520 Cap.
620 427 650 511 I,
670 448 720 516 17.
743 424 850 510 VIII,
864 426 923 495 ιι
937 421 1218 527 XIV,17.XV‚

178 537 229 603 ιδ
250 530 352 615 XVI,
373 546 422 597 to.
445 528 545 619 idque
565 532 742 600 oonlirmnt
756 535 820 601 hoe
843 532 919 597 loen
930 531 1032 597 series
1047 533 1219 655 motionis,

176 660 238 729 per
253 636 474 717 selenitissuos
488 633 639 701 densim
654 658 724 703 uon
744 634 936 704 docuinam
952 634 1119 720 religionis
1141 640 1220 705 vni-

179 762 331 824 νιιιιιι,
360 734 417 805 sed
433 748 565 825 partem
583 736 653 803 eius
668 736 885 827 primariam,
912 758 1034 853 nempe
1056 750 1158 825 eaput
1178 740 1224 807 do

179 845 297 925 Patre,
330 842 468 937 eiusque
487 838 630 911 consiliis
649 838 927 929 benignissimis
916 863 955 907 ιι
979 840 1165 927 reparando
1187 856 1224 909 et

179 928 387 1012 eonferenda
395 944 502 1009 solute
513 944 664 1010 humana
676 940 872 1031 perFilium
886 962 997 1023 suum,
1019 953 1054 1007 et
1068 941 1223 1010 deChri-

178 1060 248 1130 no,
270 1046 355 1115 Filio
368 1020 451 1126 Dei,
477 1042 620 1123 hnmani
640 1043 771 1129 generis
785 1042 977 1113 Sematore.
1021 1042 1116 1109 lianc
1135 1046 1224 1113 dixit

179 1148 346 1219 Dominus
362 1144 470 1213 ethos
483 1144 610 1215 loeo
572 1174 626 1227 roe
635 1143 799 1227 ἀλήθειαν,
814 1158 848 1213 et
860 1143 1058 1234 quidemtn's
1073 1144 1222 1226 ἀλήθειάν

181 1268 257 1335 sos,
287 1250 353 1317 hoo
372 1260 438 1332 est,
465 1251 540 1317 vele
569 1249 613 1317 ss
633 1252 761 1325 Patre,
790 1250 951 1338 quonism
972 1248 1160 1336 pertinebat
1178 1252 1224 1318 ad

181 1354 335 1435 Patrem,
357 1362 393 1417 et
408 1349 627 1421 consiliosius
645 1352 865 1421 saluberrimo
883 1352 1012 1421 rstioue
1030 1349 1221 1437 hominum,

160 1455 256 1520 'velt
275 1453 412 1531 Potrs's,
434 1462 599 1542 quatenus
618 1455 718 1522 Peter
739 1478 816 1525 eam
835 1454 872 1522 in
893 1452 1010 1544 primis
1034 1452 1126 1521 dedit
1144 1455 1221 1522 Do-

182 1556 276 1625 mino
292 1555 509 1640 tradendam,
539 1570 574 1625 st
586 1556 754 1625 Dominus
770 1580 848 1626 enm
862 1568 940 1623 ente
954 1553 1068 1623 omnis
1083 1556 1222 1624 traden-

182 1660 262 1727 dam
284 1660 498 1747 demandauit
522 1658 705 1749 discipulisi
747 1662 859 1748 Atque
877 1657 959 1725 huic
977 1654 1129 1741 negotio,
1149 1671 1221 1725 tra-

163 1762 285 1829 ·dendi
298 1764 386 1830 inter
401 1761 573 1845 homines,
603 1762 840 1831 manifestandi
862 1773 895 1827 et
907 1759 1118 1854 propagandi
1136 1762 1238 1830 hene

184 1864 371 1935 ιιοιιιιιιιι
390 1865 432 1931 de
452 1865 553 1932 Patre
577 1876 611 1933 et
631 1864 735 1948 Filio,
764 1884 949 1951 eorumque
972 1862 1113 1929 consiliis
1133 1866 1225 1932 solu-

182 1960 360 2049 bis-rimis,
381 1979 420 2033 vt
434 1978 520 2033 totos
534 1990 570 2033 se
585 1976 687 2054 atque,
699 1967 737 2033 in
757 1966 875 2057 primis
892 1964 1044 2034 timent
1063 1966 1227 2057 discipuli,

183 2070 220 2139 id
235 2071 374 2140 demum
389 2068 500 2135 voluit
511 2070 679 2137 Dominus
698 2068 752 2135 his
766 2069 888 2137 verbis.
932 2068 1018 2137 Erat
1037 2068 1128 2134 enim
1142 2070 1228 2138 hose

184 2194 240 2239 res
265 2172 406 2239 maximi
431 2171 612 2253 momenti,
648 2170 800 2259 primum
820 2169 953 2239 ratione
978 2168 1229 2257 discipulorum,

184 2274 257 2342 sine
270 2296 416 2364 quorum
432 2294 535 2362 opera
555 2284 589 2340 st
610 2272 794 2342 ministerio
812 2273 848 2341 id
868 2272 944 2342 fleri
963 2294 1034 2342 non
1054 2273 1228 2362 potuisset,

186 2376 306 2446 deinde
319 2399 400 2443 vero
414 2376 516 2471 etiam
531 2377 661 2443 ratione
675 2377 857 2444 hominum
872 2376 1025 2443 omnium
1041 2387 1076 2440 et
1088 2375 1176 2444 illius
1191 2391 1229 2448 et

186 2476 296 2544 omnis
321 2477 455 2559 estatis,
487 2501 636 2568 quorum
659 2479 746 2547 nihil
773 2479 879 2566 magis
902 2483 1060 2548 interesse
1083 2490 1227 2566 poterat,

184 2599 287 2668 quam
301 2589 341 2644 vt
359 2579 423 2644 hoc
446 2591 548 2668 caput
569 2581 737 2649 doetrinae
757 2594 835 2650 ente
858 2582 973 2650 omnia
995 2581 1226 2649 innotesceret.

187 2680 294 2770 Cuius
310 2681 360 2746 rei
373 2703 509 2750 oausam
524 2683 671 2770 reddidit
686 2685 851 2752 Dominus
864 2683 970 2751 huno.
991 2685 1010 2752 d
1032 2681 1160 2768 tirsc‘o
1172 2685 1228 2764 sol,-

186 2762 420 2863 ιιιιιθειάισιι,
457 2765 685 2854 saeveritas
709 2798 760 2854 est
783 2787 939 2856 doctrina
969 2800 1046 2860 toa,
1080 2785 1146 2850 hoe
1168 2792 1228 2871 est,

188 2885 289 2974 plane
301 2884 431 2968 diuino,
453 2898 486 2949 et
500 2889 695 2978 praecipua,
725 2902 828 2981 capnt
850 2903 886 2954 et
904 2911 1039 2955 summo
1052 2887 1152 2952 totius
1166 2888 1231 2956 do-

116 3037 120 3046 .
190 2987 318 3054 amnes
331 2989 522 3071 diuinae,
500 3017 521 3070 η
544 2990 667 3066 eluisset
689 2990 767 3070 issi,
793 3001 834 3058 vt
852 2991 986 3058 dinem
1003 2990 1104 3059 tersit>
1120 2992 1231 3057 versi·

189 3089 283 3172 osio,
316 3089 416 3156 voice
440 3113 521 3162 vero
547 3093 606 3160 via
637 3091 680 3158 ad
706 3092 886 3159 tenendam
910 3091 1019 3159 vitem
1046 3101 1229 3180 aeternam.

190 3187 295 3277 Quod
310 3191 450 3256 subiecit
461 3191 628 3259 Dominus
636 3195 651 3274 ,’
668 3205 708 3258 vt
722 3215 762 3260 eo
775 3192 881 3279 magis
895 3191 1117 3280 intelligerent
1131 3191 1229 3258 dissi·

189 3289 263 3379 puli
279 3291 407 3378 sibique
421 3315 618 3381 persuasum
638 3293 820 3374 haberent,
850 3295 918 3360 hoo
941 3307 1043 3382 eaput
1062 3291 1229 3360 docntms
1321 3319 1326 3324 ·

33 3424 36 3433 s
130 3431 132 3436 .
190 3413 262 3462 uon
270 3405 408 3491 tentum
421 3395 719 3464 esseueiissimum
735 3411 769 3466 et
786 3399 889 3491 plene
903 3397 1078 3476 diuinum,
1103 3395 1159 3458 sed
1175 3404 1228 3458 et-

190 3495 260 3562 ism
278 3496 471 3579 hominibus
493 3498 646 3565 omnibus
666 3503 805 3590 cognitu
833 3499 982 3571 maxime
1003 3496 1228 3564 necessarium

192 3599 337 3690 etlonge
356 3598 634 3682 saluberrimum,
661 3603 750 3669 hane
770 3621 839 3666 esse
864 3600 1045 3667 veritatem
1067 3597 1231 3686 optimam

190 3702 403 3769 moximm.·
432 3701 551 3769 Sermo
565 3700 665 3789 igitur
685 3703 721 3770 in
741 3704 806 3770 hoo
827 3703 904 3770 loeo
923 3715 975 3770 est
996 3703 1040 3768 de
1052 3699 1232 3788 Apostolis,

195 3821 280 3890 quos
300 3803 410 3870 voluit
428 3803 613 3884 Dominus,
651 3816 690 3870 vt
711 3803 862 3873 dicarent
885 3813 938 3888 se,
978 3823 1121 3888 suesque
1140 3805 1230 3869 vires

142 3917 149 3930 ·
194 3925 327 3988 omnes,
349 3905 454 3972 vitem
470 3918 573 3974 totum
591 3905 762 3974 doctrinae
776 3909 818 3974 de
829 3907 930 3976 Putre
942 3916 976 3972 et
988 3903 1074 3972 Filio
1095 3903 1134 3972 in
1146 3919 1234 3993 pro·

194 4005 341 4074 serenda
353 4005 462 4072 salute
473 4008 623 4076 humens
635 4007 829 4099 medendae,
848 4007 1084 4094 inculcandae,
1103 4027 1233 4100 pinpo·
